3080 4562
282 331 389 384 558
1075 322 1132 373 L.
1171 320 1458 374 EULERI
1495 320 1718 373 OPERA
1756 320 2133 374 POSTHUMA.
2781 345 2909 386 vam.

286 503 358 531 nes
387 486 619 542 perfeceris.
668 484 844 523 Litterae
874 486 970 522 tuae
1000 480 1097 521 mihi
1129 480 1291 521 demum
1321 485 1413 533 post
1442 479 1600 520 obitum
1634 479 1856 533 dignissimi
1886 479 2084 534 praesidis
2113 479 2241 520 nostri
2270 485 2366 521 sunt
2394 481 2597 531 redditae,
2623 496 2704 536 quo
2734 497 2830 525 casu
2857 486 2973 539 equi-

287 576 378 616 dem
410 587 458 613 eo
488 571 650 626 gravius
679 583 770 609 sum
803 567 1033 621 perculsus,
1072 566 1183 619 quod
1218 565 1417 619 optimum
1448 565 1650 606 fautorem
1681 579 1728 606 ac
1757 566 2044 606 suavissimum
2074 565 2250 629 amicum
2279 566 2533 607 amisserim:
2572 568 2727 610 litteras
2755 583 2854 624 ergo
2880 575 2973 611 tuas

286 660 337 701 ad
366 659 482 699 illum
513 656 683 696 directas
713 655 754 694 in
784 660 922 694 nostro
953 651 1415 706 conventukacademico
1445 651 1617 704 aperit-i,
1648 651 1824 692 maxime
1854 657 2076 704 optassem,
2107 657 2152 691 ut
2181 651 2232 691 ab
2263 650 2353 704 ipso
2382 653 2605 706 superstite
2633 667 2877 707 responsum
2904 668 2973 696 ac-

285 745 420 798 cipere
452 756 607 796 posscs.
658 741 773 780 Nunc
811 738 908 792 quid
943 738 1019 779 tibi
1053 737 1228 778 scribam
1264 737 1429 776 nescio?
1478 737 1600 777 Fama
1638 742 1700 777 est
1735 737 1866 778 locum
1903 737 2101 790 praesidis
2131 737 2438 778 Alembertio
2468 751 2561 779 cum
2596 740 2783 780 maximis
2817 739 2972 782 emolu-

287 830 434 871 mentis
463 826 676 874 destinari,
707 839 789 879 quo
818 838 914 865 casu
944 838 994 864 an
1025 830 1139 864 tuum
1168 822 1553 863 excellentissimum
1591 836 1695 876 opus
1726 822 1807 863 huc
1836 823 1941 863 mitti
1970 822 2200 863 consultum
2235 822 2305 871 sit,
2341 822 2430 876 ipse
2456 823 2718 878 judicaveris.
2765 824 2873 874 Quin
2901 838 2975 880 po—

287 915 370 956 tius
400 926 567 966 operam
598 912 669 961 da,
703 918 747 952 ut
778 924 901 964 quam
929 910 1108 963 primum
1137 909 1271 962 prelo
1284 909 1575 956 committa'tur3
1608 908 1673 949 hic
1704 909 1811 949 enim
1842 909 1905 949 his
1934 908 2180 949 turbulentis
2210 909 2462 962 temporibus
2485 910 2554 950 vix
2583 909 2798 963 quisquam
2830 910 2975 952 biblio·

288 1000 380 1054 pola
403 1013 518 1039 suam
543 1011 710 1051 operam
731 1002 840 1037 esset
863 974 1161 1050 praestaturus
1191 994 1378 1035 Genevae
1403 1001 1542 1047 putem
1565 994 1800 1049 hujusmodi
1824 1008 1927 1048 opus
1950 994 2274 1035 commodissime
2297 995 2445 1035 excudi
2472 1008 2611 1049 posse,
2638 995 2702 1036 vel
2723 996 2976 1046 Lammina,

286 1085 357 1124 ubi
390 1084 551 1137 quidem
578 1097 739 1124 summo
771 1083 853 1123 otio
883 1082 1088 1122 fruuntur.
1119 1080 1285 1120 Lubens
1312 1080 1481 1134 cognovi
1511 1080 1583 1120 tibi
1612 1093 1742 1120 meam
1771 1080 2016 1137 solutionem
2048 1080 2195 1120 cordae
2225 1080 2421 1120 vibrantis
2450 1081 2633 1134 probari,
2665 1094 2786 1134 quam
2817 1080 2978 1123 Alam»

289 1171 461 1211 bertus
490 1170 614 1210 variis
644 1169 968 1210 cavillationibus
998 1167 1206 1207 infirmare
1236 1172 1299 1206 est
1328 1172 1516 1215 conatus,
1545 1166 1670 1219 idque
1691 1167 1742 1207 ob
1773 1180 1864 1207 eam
1891 1165 2023 1206 solam
2054 1166 2265 1214 rationem,
2297 1167 2408 1219 quod
2438 1179 2518 1207 non
2547 1167 2599 1208 ab
2628 1167 2718 1220 ipso
2749 1173 2858 1209 esset
2886 1180 2980 1222 pro-

289 1256 407 1297 fecta.
439 1256 611 1296 Minatus
642 1262 704 1296 est
733 1269 777 1295 se
807 1267 970 1308 gravem
1002 1253 1290 1293 refutationem
1316 1266 1410 1312 *esse
1441 1252 1766 1305 publicaturum,
1799 1253 1909 1305 quod
1939 1265 1989 1292 an
2020 1251 2171 1292 faceret
2200 1251 2354 1300 nescio,
2386 1258 2501 1305 putat
2529 1266 2574 1293 se
2604 1266 2679 1306 per
2707 1253 2981 1307 eloquentium
3037 1282 3039 1285 -

287 1341 520 1382 semidoctis
550 1342 688 1382 fucum
718 1354 809 1382 esse
830 1341 1051 1388 sacturum;
1084 1338 1228 1379 dubito
1255 1351 1306 1378 an
1336 1339 1444 1379 serio
1476 1351 1562 1379 rem
1592 1344 1718 1392 gerat,
1739 1338 1816 1378 nisi
1844 1337 1950 1378 forte
1979 1350 2129 1378 amore·
2145 1338 2312 1391 proprio
2341 1338 2395 1378 sit
2423 1338 2586 1392 penitus
2617 1344 2869 1381 occoeeatus.
2899 1335 2999 1380 Vo·'

287 1428 362 1467 luit
397 1427 546 1467 nostris
570 1422 881 1478 'commentariis
915 1439 996 1465 non
1027 1424 1435 1473 demonstrationem,
1464 1425 1539 1465 sed
1570 1425 1720 1465 nudam
1756 1423 2070 1465 declarationem
2100 1423 2227 1464 inseri
2255 1436 2384 1463 meam
2414 1423 2658 1464 solutionem
2688 1425 2862 1465 maxime
2891 1437 2982 1466 esse

288 1513 494 1563 vitiosam,
531 1527 604 1567 ego
635 1526 738 1573 verox
763 1512 938 1565 opposui
969 1525 1114 1551 novam
1147 1510 1535 1551 demonstrationem
1567 1511 1674 1551 omni
1713 1511 1847 1565 rigore
1886 1511 2140 1557 adornatam,
2177 1509 2249 1549 sed
2289 1522 2455 1562 praeses
2489 1515 2628 1550 noster
2655 1510 2799 1551 beatae
2826 1523 2982 1552 memo-

290 1599 373 1640 riae
411 1599 542 1638 noluit
577 1599 656 1651 ipsi
692 1603 870 1638 nostram
903 1597 1161 1637 Academiam
1191 1602 1382 1648 tanquam
1418 1596 1663 1649 palaestram
1702 1597 1943 1644 concedere,
1982 1595 2089 1635 unde
2131 1595 2251 1635 etiam
2289 1607 2418 1634 meam
2458 1595 2806 1636 confirmationem
2836 1595 2983 1636 lubens

291 1685 516 1739 suppressi.
570 1685 632 1723 Ex
674 1697 755 1736 quo
788 1682 1011 1736 judicabis,
1048 1687 1220 1735 quantas
1255 1681 1418 1728 turbas,
1457 1682 1490 1722 si
1526 1681 1731 1735 praesidio
1769 1682 2005 1729 decoretur,
2048 1680 2103 1721 sit
2139 1686 2308 1727 aturus,
2345 1681 2535 1733 equidem
2569 1681 2703 1722 omnia
2739 1680 2984 1735 tranquillus

290 1778 481 1824 expecto,
511 1769 612 1828 nihil
641 1769 790 1822 negotii
822 1782 916 1808 cum
945 1768 1016 1807 illo
1046 1768 1261 1807 mixturus.
2109 1762 2111 1764 ’

404 1855 617 1908 Analytica
656 1860 722 1895 tua
759 1853 908 1894 solutio
946 1852 1210 1907 problematis
1246 1852 1553 1906 isoperimetrici
1584 1852 1783 1902 continet,
1820 1857 1867 1893 ut
1897 1851 2036 1900 video,
2074 1849 2269 1904 quicquid
2303 1850 2344 1890 in
2380 1850 2455 1891 hac
2492 1850 2728 1904 quaestione
2766 1851 2986 1894 desiderari

291 1949 445 1996 potest,
476 1946 515 1980 et
544 1954 618 1994 ego
650 1940 825 1980 maxime
856 1940 1027 1993 gaudeo,
1060 1939 1137 1979 hoc
1167 1945 1471 1993 argumentum,
1504 1939 1613 1991 quod
1633 1938 1719 1978 fere
1741 1938 1855 1979 solus
1876 1943 1969 1991 post
1993 1937 2147 1990 primos
2181 1942 2347 1977 conatus
2380 1936 2495 1990 quasi
2526 1943 2618 1989 post
2650 1936 2812 1979 limines
2841 1943 2984 1980 tracta-

293 2042 447 2075 veram,
479 2040 502 2067 a
532 2032 571 2067 te
601 2026 854 2079 potissimum
886 2026 936 2065 ad
966 2038 1171 2065 summum
1203 2024 1463 2077 perfectionis
1493 2024 1699 2078 fastigium
1729 2038 1819 2065 esse
1849 2028 2050 2064 avectum.
2100 2023 2174 2063 Rei
2209 2022 2381 2076 dignitas
2410 2036 2474 2063 me
2503 2022 2707 2079 excitavit,
2738 2029 2781 2064 ut
2810 2024 2891 2065 tuis
2920 2023 2983 2065 lu-

291 2114 454 2155 minibis
492 2112 671 2167 adjutuS,
707 2112 795 2165 ipse
830 2111 1074 2152 solutionem
1104 2110 1343 2165 analyticam
1376 2110 1706 2164 conscripserim,
1743 2123 1864 2164 quam
1893 2114 2027 2151 autem
2059 2109 2194 2150 celare
2224 2108 2365 2158 statui,
2402 2108 2530 2150 donec
2566 2109 2653 2162 ipse
2690 2114 2781 2150 tuas
2816 2108 2985 2151 medita·

291 2198 605 2252 tionespublici
631 2197 737 2252 juris
768 2196 933 2244 seceris,
965 2210 1015 2236 ne
1045 2196 1172 2237 ullam
1202 2202 1358 2249 partem
1389 2196 1543 2250 gloriae
1572 2196 1646 2236 tibi
1677 2196 1836 2236 debitae
1865 2194 2123 2248 praeripiam.

405 2284 607 2332 Quoniam
637 2283 701 2323 his
732 2282 979 2336 gravissimis
1012 2282 1269 2336 temporibus
1299 2282 1350 2322 ab
1381 2281 1473 2322 aliis
1502 2282 1673 2335 negotiis
1703 2281 1864 2329 vacavi,
1895 2280 2049 2320 librum
2079 2279 2131 2320 de
2161 2278 2318 2320 calculo
2347 2279 2532 2331 integrali
2562 2278 2820 2320 conscribere
2848 2253 2987 2333 cdepi,

293 2369 402 2424 quod
433 2382 537 2422 opus
563 2367 809 2429 jampridem
839 2367 962 2407 etiam
991 2367 1228 2415 meditatus,
1259 2372 1383 2420 atque
1419 2368 1521 2407 adeo
1542 2367 1791 2407 ‘Academiae
1823 2365 2149 2420 Petropolitanae
2179 2364 2405 2418 pollicituS,
2437 2377 2541 2405 nunc
2569 2364 2694 2419 igitur
2717 2359 2811 2420 jamv
2830 2359 2987 2406 notabi-

292 2456 374 2497 lem
403 2460 560 2509 partem
587 2453 760 2494 absolvi.
797 2452 1007 2493 Calc-ulum
1037 2452 1275 2506 integralem
1303 2452 1360 2493 ita
1390 2451 1571 2501 definivi,
1603 2458 1648 2493 ut
1678 2457 1788 2493 esset
1816 2450 2035 2492 methodus
2062 2451 2290 2491 functiones
2320 2451 2441 2491 unius
2470 2450 2702 2504 pluriumve
2730 2448 2989 2492 *variabitium

292 2540 527 2583 inveniendi
558 2554 609 2581 ex
639 2540 732 2580 data
762 2539 1088 2579 differentialium
1109 2539 1174 2579 vel
1196 2539 1316 2592 primi
1340 2539 1407 2580 vel
1427 2539 1619 2580 altiorum
1649 2540 1848 2593 graduum
1878 2537 2075 2579 relatione
2086 2557 2095 2587 ;
2126 2536 2234 2577 unde
2257 2542 2377 2590 prout
2396 2535 2628 2576 functiones
2658 2536 2738 2576 sint
2757 2534 2821 2576 vel
2849 2534 2988 2584 unius,
3055 2538 3066 2544 ”

296 2627 360 2668 vel
403 2627 578 2667 duarum
609 2623 837 2679 pluriumve
868 2624 1145 2673 variabilium,
1176 2630 1307 2665 totum
1336 2638 1441 2678 opus
1475 2624 1516 2665 in
1551 2624 1655 2665 duos
1684 2624 1811 2665 libros
1844 2623 1986 2672 divisi,
2023 2622 2094 2663 ubi
2126 2622 2290 2676 quidem
2317 2635 2391 2675 pro
2421 2621 2639 2675 posteriori
2668 2620 2738 2661 vix
2768 2618 2990 2674 quicquam

292 2718 352 2754 est
381 2713 549 2753 cultum.
601 2712 660 2750 Eo
693 2710 897 2763 pertinent
925 2709 1089 2751 scilicet¹
1109 2709 1367 2763 quaestiones
1396 2710 1448 2750 de
1481 2710 1615 2751 cordis
1645 2710 1920 2758 vibrantibus,
1957 2708 2027 2749 ubi
2064 2721 2138 2761 pro
2177 2707 2270 2748 dato
2308 2713 2491 2760 tempore
2520 2714 2534 2747 t
2562 2713 2603 2747 et
2639 2704 2786 2747 cordae
2821 2704 2987 2759 puncto,

293 2799 411 2852 cujus
441 2797 545 2838 situs
575 2796 801 2844 variabilis,
837 2795 1053 2836 denotetur
1082 2795 1170 2852 ejus
1200 2794 1388 2836 celeritas
1417 2801 1459 2836 et
1482 2826 1635 2837 ......
1667 2794 1926 2836 determinari
1957 2794 2104 2835 dehet:
2145 2793 2354 2847 quaeritur
2382 2777 2677 2832 enim'sunctio
2710 2789 2908 2844 quaedam
2935 2788 2989 2846 (r)

293 2898 480 2938 binarum
506 2895 763 2936 variabilium
795 2903 808 2935 t
838 2900 879 2935 et
905 2907 923 2934 s
953 2908 1004 2935 ex
1034 2894 1127 2935 data
1155 2894 1353 2935 relatione
1373 2894 1641 2935 formularum
1672 2862 1740 2966 ’ἕξ
1775 2901 1817 2936 et
1849 2861 1942 2965 (ἐξ,
1968 2898 2009 2934 et
2029 2892 2262 2948 hujusmodi
2282 2891 2469 2932 formulis
2498 2891 2687 2931 universa
2715 2888 3008 2944 Hydrodynas

293 2997 397 3037 mica
426 2995 620 3035 innititur.
671 2994 938 3034 Utilissimum
968 3007 1065 3048 ergo
1096 2994 1172 3034 erit
1199 2993 1302 3034 hanc
1333 3001 1488 3047 partem
1518 2994 1661 3034 calculi
1691 2995 1897 3048 integralis
1927 2994 2061 3035 adhuc
2089 2993 2176 3033 fere
2207 2992 2396 3032 intactam
2425 2989 2652 3031 accuratius
2680 2988 2834 3037 evolvi,
2868 2979 2989 3044 vcujus

295 3080 489 3133 equidem
519 3057 940 3133 prima'fundamenta
956 3080 1038 3133 jam
1060 3080 1206 3134 jecisse
1231 3079 1385 3120 videor.
1418 3079 1693 3133 lncipiendum
1724 3086 1858 3121 autem
1889 3086 1977 3121 erat
2007 3093 2029 3120 a
2060 3077 2394 3125 differentialibus
2415 3076 2534 3130 primi
2563 3075 2731 3129 gradus,
2760 3080 2807 3115 ut
2835 3073 2988 3115 functio

2582 3149 2624 3180 dr
2726 3149 2770 3180 dr

295 3194 318 3219 r
346 3179 537 3219 binarum
569 3179 824 3219 variabilium
855 3185 868 3217 t
900 3184 940 3219 et
969 3192 987 3218 s
1016 3177 1235 3219 definiatur
1264 3191 1315 3218 ex
1344 3178 1438 3219 data
1468 3163 1711 3232 quacunque
1742 3179 1938 3220 relatione
1973 3179 2077 3219 inter
2112 3191 2135 3217 r
2165 3182 2205 3218 et
2239 3175 2314 3216 has
2346 3174 2542 3216 formulas
2581 3201 2626 3246 ἵε
2654 3181 2695 3216 et
2723 3198 2766 3245 {13
2802 3185 2877 3227 per
2910 3172 2986 3215 dit·-

297 3278 621 3319 ferentiationem
651 3278 744 3318 inde
775 3278 990 3318 derivatas.
1026 3279 1087 3317 Ex
1117 3290 1199 3330 quo
1230 3277 1492 3330 perspicuum
1521 3283 1583 3318 est
1613 3278 1699 3319 scre
1730 3279 1885 3326 omnia,
1917 3290 2020 3331 quae
2050 3277 2185 3317 adhuc
2217 3276 2267 3316 de
2297 3275 2519 3328 integrandi
2549 3274 2739 3315 methodo
2767 3279 2863 3315 sunt
2891 3286 2987 3328 pro·

296 3363 398 3411 lata,
433 3363 590 3403 etiamsi
630 3363 816 3403 binarum
852 3362 1108 3405 variabilium
1139 3363 1291 3403 mentio
1320 3362 1409 3411 fiat,
1447 3363 1498 3403 ad
1536 3364 1707 3416 primam
1746 3370 1879 3403 tamen
1916 3369 2074 3416 partem
2102 3361 2246 3401 referri
2274 3360 2444 3411 debere,
2476 3359 2572 3413 quia
2601 3359 2729 3401 altera
2759 3365 2804 3400 ut
2832 3359 2988 3401 functio

299 3445 472 3486 alterius
504 3451 714 3488 tractatur.
764 3448 856 3488 Alio
886 3448 990 3488 sorte
1021 3455 1206 3501 tempore
1235 3449 1354 3501 plura
1384 3448 1435 3489 de
1466 3448 1530 3489 his
1556 3462 1874 3490 commemorare
1904 3449 2119 3503 continget.
2166 3446 2343 3492 Vale1ac
2373 3446 2464 3507 (ave

412 3555 585 3596 Berolini
616 3557 666 3597 de
697 3556 726 3598 2
755 3557 846 3599 Oct.
879 3558 1001 3599 1759.

1445 3643 1536 3684 Tibi
1568 3643 1842 3685 addictissimo
1871 3673 1874 3680 ,

2473 3724 2519 3766 L.
2549 3723 2741 3765 Eulero.
2814 3724 2818 3727 “

419 3852 462 3893 Ρ.
495 3852 534 3893 S.
586 3853 788 3895 Privatam
825 3855 957 3897 adhuc
993 3857 1228 3898 societatem
1265 3857 1494 3898 litterarum
1527 3857 1818 3898 Taurinensem
1854 3870 1949 3898 mox
1983 3856 2187 3911 publicam
2224 3855 2311 3897 fieri
2353 3855 2392 3895 in
2430 3858 2688 3907 augmentum
2726 3850 2997 3894 scientiarum

582 3950 824 3992 magnopere
854 3948 965 3994 opto·

1476 4027 1534 4121 ἢ)
1552 4047 1565 4069 ιι
1782 4037 1818 4048 ”·

1510 4107 1513 4113 '
1566 4099 1571 4129 't
