3080 4562
275 281 381 336 342
1070 278 1127 330 L.
1169 275 1462 331 EULERI
1503 276 1726 330 OPERA
1765 276 2152 331 POSTHUMA.
2752 282 2943 335 Analysis.

1428 919 1430 921 ,
1504 862 1748 930 XVIII.

695 1067 1231 1124 Institutionum
1263 1065 1546 1120 Calculi
1579 1065 2096 1120 differentialis
2128 1065 2366 1121 sectio
2398 1066 2534 1121 m.

1013 1226 1138 1279 (Conf.
1160 1226 1257 1268 Inst.
1278 1226 1321 1267 C.
1343 1226 1391 1266 D.
1413 1225 1519 1268 Part.
1540 1225 1590 1268 11.
1611 1225 1707 1279 Cap.
1727 1225 1799 1271 XI,
1822 1226 1859 1277 ἓξ
1880 1225 1977 1267 282.
1999 1224 2095 1267 283.
2117 1223 2228 1278 286.)

1447 1520 1467 1523 ”
1487 1519 1691 1571 Caput·
1710 1519 1764 1560 1.

933 1616 992 1657 De
1007 1602 1174 1657 ‘calculo
1195 1616 1452 1658 differentiali
1473 1618 1525 1658 ad
1545 1617 1674 1659 lineas
1694 1629 1841 1659 curvas
1862 1616 2066 1670 applicato
2088 1610 2128 1657 in
2149 1629 2313 1671 genere.

411 1719 451 1762 1.
518 1715 783 1776 Quanquam
833 1716 877 1761 in
925 1716 1042 1763 libro
1092 1715 1388 1778 praecedente
1423 1718 1519 1780 jam
1555 1714 1752 1779 'insignis
1795 1716 1965 1764 Calculi
2006 1713 2316 1763 differentialis
2356 1698 2464 1764 usus
2495 1717 2543 1762 in
2574 1718 2671 1779 ipsa
2702 1716 2978 1778 analysi'est

275 1791 511 1866 ostensus,
553 1815 704 1855 tamen
747 1808 846 1871 ejus
892 1810 962 1870 vis*
1001 1811 1187 1860 maxime
1222 1812 1518 1872 perspicietur
1555 1813 1600 1868 in
1634 1790 1842 1859 doctrina
1884 1810 1940 1859 de
1973 1808 2103 1857 lineis
2138 1812 2314 1868 curvis,
2360 1825 2472 1873 quae
2507 1817 2615 1873 post
2641 1810 2780 1874 hujus
2813 1811 2973 1883 calculi

275 1904 579 1949 inventionem
619 1909 744 1948 tanta
786 1886 963 1964 accepit
1005 1905 1300 1967 incrementa,
1350 1912 1402 1970 ut
1441 1920 1555 1967 quae
1599 1905 1792 1951 antehac
1833 1902 2018 1952 fuerunt
2060 1904 2239 1951 detecta
2279 1919 2384 1967 prae
2410 1904 2490 1973 ,bis
2526 1901 2619 1950 fere
2654 1906 2975 1981 penituseva7⁸

275 2003 477 2043 nescant.
533 1995 752 2059 Equidem
786 1998 832 2041 in
865 1997 1206 2066 Introductionc
1239 1998 1296 2057 ad
1331 1980 1548 2059 Analysin
1582 1976 1862 2046 infinitorum
1897 1999 2360 2061 plurimas'linearum
2393 1979 2633 2066 curvarum
2662 1974 2979 2060 proprietates,

275 2105 388 2152 quae
427 2091 564 2151 vulgo
598 2090 758 2136 calculi
794 2087 1100 2138 differentialis
1134 2091 1218 2154 ope
1252 2093 1345 2139 erui
1380 2093 1547 2150 solent,
1584 2109 1665 2154 per
1698 2093 1793 2140 sola
1828 2094 2017 2155 analysis
2037 2089 2284 2140 ‘finitorum
2318 2098 2555 2154 praecepta
2587 2092 2787 2147 invenire
2813 2090 2973 2147 docui;

276 2199 435 2230 verum
470 2190 516 2229 et
547 2183 607 2229 ibi
642 2183 860 2245 quaedam
895 2168 983 2231 non
1019 2185 1207 2231 obscura
1243 2186 1407 2232 calculi
1441 2182 1722 2232 infinitorum
1756 2189 1948 2247 vestigia
1982 2187 2147 2241 latent,
2196 2193 2332 2247 atque
2373 2185 2447 2231 illa
2491 2186 2777 2246 investigatio
2807 2187 2871 2232 ita
2898 2189 2974 2232 est

275 2284 548 2338 comparata,
585 2283 638 2322 ut
671 2278 756 2322 nisi
791 2279 912 2338 prius
947 2277 1127 2334 eadem
1137 2278 1223 2324 alia
1258 2278 1474 2326 methodo
1508 2277 1699 2325 fuissent
1726 2282 1929 2341 cognita,
1969 2281 2041 2325 vix
2067 2294 2264 2346 unquam
2289 2280 2475 2341 reperiri
2499 2280 2696 2350 potuisse
2722 2278 2972 2327 videantur.

274 2369 390 2424 Quin
438 2371 574 2415 etiam
624 2371 670 2414 in
715 2369 791 2415 illo
827 2369 942 2417 libro
994 2369 1043 2416 id
1093 2342 1200 2419 mihi
1249 2373 1486 2434 praecipue
1538 2379 1633 2419 erat
1680 2375 1986 2435 propositum,
2041 2380 2115 2428 ut,
2167 2388 2271 2419 cum
2319 2387 2433 2434 quae
2474 2372 2614 2433 vulgo
2658 2377 2737 2434 pe‘r
2775 2374 2974 2433 analysin

275 2459 557 2510 infinitorum
609 2466 822 2525 praestari
875 2465 1042 2522 solent,
1095 2465 1252 2511 eadem
1293 2468 1386 2512 sine
1428 2465 1516 2512 hoc
1556 2466 1756 2512 subsidio
1805 2468 2159 2527 explicavissem,
2211 2481 2411 2513 summus
2456 2481 2701 2513 consensus
2741 2468 2974 2515 universae

277 2556 468 2615 analysis
503 2571 557 2602 eo
593 2556 867 2603 luculentius
902 2557 960 2603 ob
995 2558 1155 2605 oculos
1188 2566 1395 2621 ponatur.
2078 2555 2087 2560 ⁷

409 2651 453 2695 2.
523 2648 634 2695 Cum
676 2651 815 2711 igitur
858 2630 1072 2713 principia
1115 2652 1278 2699 calculi
1319 2649 1628 2699 differentialis
1670 2669 1723 2700 ex
1764 2650 2028 2700 differentiis
2061 2649 2201 2700 finitis
2233 2650 2524 2700 functionum
2558 2652 2871 2711 derivaverim,
2920 2668 2973 2701 ex

276 2741 435 2788 eodem
477 2739 603 2789 fonte
646 2744 884 2805 applicatio
928 2745 1061 2808 hujus
1103 2746 1268 2794 calculi
1303 2746 1360 2793 ad
1395 2747 1649 2794 doctrinam
1684 2747 1740 2794 de
1775 2748 1905 2794 lineis
1941 2750 2091 2794 curvis
2124 2746 2317 2810 petenda
2349 2731 2542 2794 videtur.
2611 2746 2732 2803 Quae
2765 2749 2884 2794 enim
2917 2747 2975 2795 de

275 2834 583 2883 functionibus
625 2845 732 2892 sunt
776 2838 961 2896 tradita,
1006 2856 1056 2886 ea
1089 2843 1135 2887 in
1172 2843 1301 2888 lineis
1337 2843 1493 2888 curvis
1528 2843 1849 2906 amplissimum
1884 2842 2037 2888 locum
2071 2843 2329 2899 inveniunt.
2387 2840 2502 2888 Nam
2527 2842 2642 2897 etsi,
2682 2847 2830 2887 sumta
2863 2856 2978 2903 qua-

270 2931 392 2990 piam
428 2930 562 2988 linea,
601 2939 710 2993 puta
744 2932 961 2990 abscissa,
991 2918 1079 3013 pro
1116 2938 1363 3014 quantitate
1399 2936 1622 3013 variabili,
1659 2942 1820 2982 natura
1853 2935 1996 2982 lineae
2031 2950 2197 2982 curvae
2233 2949 2313 2996 per
2339 2933 2534 2980 indolem
2561 2934 2693 2980 unius
2715 2931 2983 3003 functionis„

276 3031 384 3097 puta
433 3026 705 3086 applicatae,
754 3007 1099 3083 determinatum
1147 3036 1300 3075 tamen
1350 3032 1397 3076 in
1440 3011 1598 3076 eadem
1639 3011 1754 3076 linea
1795 3044 1932 3075 curva
1971 3013 2316 3112 innumerabiles
2355 3014 2481 3073 aliae
2506 3024 2762 3073 functiones
2795 3028 2974 3090 concipi

275 3124 480 3177 possunt.
540 3103 774 3173 Quaelibet
809 3122 982 3167 scilicet
1017 3123 1132 3169 linea
1165 3139 1244 3185 per
1278 3105 1463 3170 curvam
1485 3102 1820 3179 determinata,
1850 3138 1966 3184 quae
1985 3108 2176 3169 variata
2209 3122 2404 3168 abscissa
2438 3120 2569 3167 simul
2603 3119 2675 3165 vel
2707 3123 2870 3167 cre'scit
2901 3121 2974 3168 vel
3031 3177 3038 3181 .
3076 3153 3080 3173 ς

262 3209 516 3268 decrescit,
554 3219 766 3274 tanquam
801 3212 975 3269 functio
1011 3216 1229 3263 abscissae
1265 3219 1462 3278 spectari
1494 3219 1686 3280 poterit,
1721 3215 1975 3278 cujusmodi
2009 3222 2113 3262 sunt
2139 3214 2302 3261 cordae
2328 3229 2408 3260 seu
2435 3213 2687 3266 subtensae‚
2721 3219 2972 3275 tangente8‚

276 3304 524 3360 normaleS‚
575 3313 621 3352 et
670 3307 812 3353 lineae
856 3310 1149 3371 quaecunque
1193 3312 1324 3367 aliae,
1376 3325 1563 3372 quarum
1608 3311 1679 3356 vel
1720 3312 1906 3371 positio,
1961 3310 2033 3356 vel
2075 3307 2343 3370 magnitudo
2385 3323 2437 3353 ex
2473 3309 2717 3370 quantitate
2750 3307 2973 3354 abscissae

280 3397 614 3447 determinatur.
683 3400 803 3447 Tum
842 3403 977 3447 etiam
1017 3405 1153 3464 ipsius
1195 3419 1359 3449 curvae
1397 3403 1638 3465 longitudo
1681 3403 1732 3448 etv
1760 3418 1861 3449 area
1894 3409 2106 3465 tanquam
2139 3399 2396 3449 functiones
2427 3403 2619 3463 spectari
2652 3407 2862 3463 possunt,
2915 3415 2971 3447 ac

280 3499 509 3553 praeterea
542 3495 889 3542 innumerabiles
925 3496 1034 3541 aliae
1070 3498 1362 3557 quantitates,
1399 3499 1493 3544 sive
1528 3499 1617 3543 sint
1652 3497 1813 3553 lineae,
1851 3499 1942 3543 sive
1977 3483 2261 3558 superficies,
2297 3497 2390 3541 sive
2424 3493 2582 3540 solida.

415 3587 458 3632 3.
529 3586 771 3634 Ordiamur
822 3605 847 3635 a
899 3590 1223 3651 simplicissimo
1273 3598 1319 3636 et
1361 3593 1545 3653 maxime
1585 3598 1805 3638 consueto
1846 3597 2050 3637 naturam
2092 3603 2333 3636 curvarum
2376 3585 2647 3649 exprimendi
2689 3585 2842 3644 modo,
2894 3589 2974 3650 qui

281 3678 493 3726 relatione
527 3683 646 3728 inter
680 3682 965 3729 coordinatas
1000 3683 1322 3745 orthogonales
1356 3687 1627 3731 continetur.
1665 3684 1733 3731 Sit
1769 3680 1864 3746 (fig.
1894 3683 1960 3747 2.)
1987 3691 2110 3730 recta
2137 3679 2226 3730 ΑΡ
2249 3683 2353 3738 axiS‚
2379 3679 2436 3739 ad
2463 3695 2596 3741 quem
2624 3686 2784 3726 natura
2809 3693 2973 3727 curvae

281 3769 496 3829 refertur,
548 3776 594 3820 in
634 3791 723 3837 quo
765 3783 965 3823 sumatur
1005 3777 1199 3823 abscissa
1233 3774 1458 3825 AP=oe
1491 3784 1537 3824 et
1570 3779 1791 3841 applicata
1825 3780 1866 3824 ei
1901 3777 2112 3825 normalis
2145 3777 2241 3822 PM
2251 3795 2314 3815 ε
2326 3790 2382 3833 γ;
2435 3779 2594 3819 natura
2626 3779 2777 3819 autem
2810 3786 2973 3826 curvae

282 3866 551 3924 exprimatur
600 3870 866 3927 aequatione
915 3884 1180 3931 quacunque
1223 3871 1341 3917 inter
1380 3887 1416 3916 ω
1457 3878 1504 3916 et
1542 3886 1597 3929 y,
1651 3873 1714 3916 ita
1754 3877 1806 3916 ut
1847 3872 1904 3916 sit
1940 3885 1975 3928 J·
2014 3865 2190 3914 functio
2232 3880 2525 3928 quaecunque
2561 3866 2700 3925 ipsius
2733 3879 2789 3921 ω,
2839 3878 2973 3926 quam

282 3961 471 4020 primum
515 3974 732 4008 assumam
774 3959 1067 4019 uniformem,
1120 3969 1172 4009 ut
1211 3963 1403 4025 singulis
1443 3963 1650 4011 abscissis
1683 3965 1815 4011 unica
1850 3960 2120 4024 respondeat
2154 3958 2390 4021 applicata.
2457 3956 2573 4003 Dum
2606 3957 2745 4018 igitur
2775 3955 2974 4002 abscissa
