3080 4562
1191 310 1263 363 De
1300 309 1550 381 quadratis
1586 313 1800 383 mythis..
1906 349 1907 352 =
1932 310 1935 312 ’
1986 350 1992 354 -
2023 310 2029 357 Σ
2737 317 2828 370 141

133 456 262 519 plane
297 470 509 504 numeros
541 455 598 503 ab
637 457 657 503 1
698 470 839 520 usque
874 453 930 504 ad
963 472 1035 504 :cx
1068 459 1326 520 provenire,
1363 458 1583 520 siquidem
1619 474 1721 506 cum
1755 460 1965 507 omnib'us
1991 459 2216 508 valoribus
2246 461 2383 523 ipsius
2405 476 2447 507 m
2473 461 2638 523 singuli
2664 461 2836 508 valeres

130 551 271 612 ipsius
296 565 333 597 ’n
368 549 529 598 ordine
561 550 892 599 combinentur.
945 551 1058 599 Cum
1094 552 1234 613 igitur
1258 550 1349 598 boc
1381 551 1518 600 modo
1553 567 1708 600 omnes
1742 556 1913 600 numeri
1940 553 2162 617 quadrato
2189 555 2460 603 inscribendi
2496 554 2835 617 persor-mulam

127 657 335 690 ηιω-ι-ιι
387 644 606 702 exhiberi,
657 644 849 707 ideoque
900 660 981 707 per
1031 643 1143 691 duas
1190 652 1340 706 partes
1391 647 1716 707 repraesentari
1771 653 1959 707 queant,
2012 649 2057 694 in
2097 650 2388 711 sequentibus
2428 657 2648 711 perpetuo
2688 655 2835 711 partes

126 739 299 801 priores
347 754 425 784 moe
474 739 736 802 simpliciter
786 740 947 786 litteris
996 739 1148 785 latinis
1197 754 1248 796 a,
1303 738 1353 794 b,
1397 754 1442 796 c,
1486 739 1538 795 tl,
1583 746 1696 796 etc.‚
1751 747 1899 801 partes
1944 756 2051 788 vero
2094 745 2364 804 posteriores
2404 760 2435 791 η
2468 745 2628 790 litteris
2661 745 2834 805 graecis

126 849 178 890 α,
214 833 276 889 β,
311 850 364 894 γ,
402 829 451 892 δ,
488 841 575 881 etc.
620 833 974 895 designabimuS,
1027 835 1104 881 ubi
1148 834 1334 882 evidens
1376 843 1444 882 est
1479 850 1561 898 pro
1597 838 1760 898 quovis
1795 850 1982 882 numero
2018 852 2053 880 a:
2087 836 2415 883 multitudinem
2458 844 2546 883 tam
2584 838 2831 884 litterarum

124 926 387 987 latinarum,
436 942 568 991 quam
619 943 880 990 graecarum
931 945 1029 977 esse
1074 946 1214 987 εει),
1267 930 1628 993 quandoquidem
1671 930 1846 976 valores
1886 909 2135 975 litterarum
2178 929 2412 974 latinarum
2456 938 2590 976 erunt
2625 932 2711 986 Oae,
2753 934 2829 987 ια’,

123 1021 214 1078 2:12,
267 1023 333 1069 3ae
382 1037 524 1085 usque
559 1021 617 1068 ad
654 1020 785 1085 (oe—
809 1023 930 1088 1)ae,
986 1039 1252 1087 graecarum
1301 1021 1450 1072 autem
1494 1025 1670 1071 valores
1714 1005 1914 1081 sunt-1,
1952 1026 2006 1080 2,
2044 1025 2348 1081 3,1÷....ae.
2416 1023 2571 1085 Neque
2614 1039 2721 1070 vero
2755 1024 2830 1070 hic

121 1122 278 1185 certus
311 1114 423 1163 ordo
456 1117 502 1163 in
538 1119 633 1164 istis
667 1118 830 1166 litteris
851 1125 954 1196 tam
991 1119 1160 1195 latinis,
1196 1135 1330 1204 quam
1369 1121 1545 1182 graecis
1577 1118 1769 1174 stabiliri
1797 1124 1867 1164 est
1893 1116 2160 1174 censendus
2200 1131 2303 1179 cum
2331 1117 2556 1178 quaelibet
2580 1118 2826 1164 litterarum

98 1178 359 1280 ‚latinarum
400 1195 485 1274 pro
521 1196 674 1259 lubitu
707 1213 801 1259 sive
819 1197 945 1272 '','0oe
959 1207 1074 1260 sive
1112 1217 1197 1266 1:12,
1239 1216 1332 1260 sive
1367 1211 1457 1271 2:12,
1510 1221 1599 1261 etc.
1644 1200 1900 1274 significare
1936 1212 2101 1300 possit,
2154 1206 2398 1258 dummodo
2432 1211 2624 1271 singulis
2658 1211 2828 1257 valores

118 1291 284 1352 diversi
300 1298 596 1397 tribuantur3
633 1295 781 1369 quod
791 1284 923 1354 idem
936 1306 1028 1386 (13
1027 1287 1200 1355 litteris
1233 1299 1409 1370 graecis
1444 1314 1513 1354 est
1538 1283 1805 1354 tenen.dum
2159 1298 2194 1305 ..
2256 1368 2259 1372 Δ

214 1385 279 1491 3
313 1402 356 1446 lv.
425 1399 475 1446 ln
527 1398 755 1486 posterum
808 1384 950 1465 igitur
995 1392 1190 1464 quilibet
1240 1388 1459 1448 ιιιιιιι3ι·ιι3
1501 1386 1722 1475 ¹quadrato
1747 1363 2101 1446 inscribendus
2118 1393 2215 1462 per
2241 1407 2539 1462 aggregatum
2583 1418 2634 1447 ex
2675 1393 2824 1448 littera

117 1476 279 1562 latina
304 1501 350 1542 et
395 1510 555 1558 graeca
595 1490 1005 1561 repraesentabitur
1047 1496 1198 1563 veluti
1230 1513 1311 1579 per
1324 1473 1525 1553 ὂ-ι-δ,
1562 1499 1654 1542 sive
1688 1511 1767 1563 per
1792 1494 1974 1559 α-ι-ῥ)
2008 1481 2095 1542 etc.
2131 1497 2216 1553 ita,
2254 1501 2307 1541 ut
2342 1495 2506 1557 singuli
2541 1497 2714 1565 numeri
2749 1495 2827 1557 per

114 1558 243 1638 duas
261 1573 425 1654 partes
428 1581 530 1682 sint
552 1570 942 1654 repraesentandi
956 1570 1075 1638 tum
1109 1583 1227 1666 enim
1254 1594 1290 1638 si
1318 1573 1522 1654 singulae
1546 1583 1721 1651 litterae
1750 1570 1918 1636 latinae
1940 1589 2043 1666 cum
2071 1574 2262 1651 singulis
2289 1592 2461 1651 graecis
2488 1590 2826 1653 conjungantur

115 1667 370 1731 manifesto
383 1668 537 1733 omnes
563 1671 722 1748 plane
737 1688 908 1732 numeri
953 1685 1009 1732 ab
1043 1667 1082 1731 1
1113 1685 1254 1748 usque
1288 1685 1344 1732 ad
1380 1701 1452 1730 oeoe
1486 1659 1701 1744 resultare
1737 1680 1935 1763 debent,
1980 1666 2076 1730 tum
2123 1686 2229 1731 v'ero
2265 1685 2403 1730 etiam
2435 1687 2719 1775 perspicuum
2757 1693 2826 1732 est

113 1795 165 1826 ex
200 1779 375 1827 diversa
416 1780 575 1838 harum
611 1781 862 1858 litterarum
897 1779 1226 1826 combinatione
1261 1782 1396 1859 etiam
1430 1794 1603 1866 semper
1637 1775 1863 1825 diversos
1874 1767 2082 1824 numeros
2119 1763 2250 1836 oriri,
2302 1794 2446 1878 neque
2489 1775 2651 1825 ullum
2666 1793 2825 1825 nume-

112 1869 213 1920 riim
241 1853 421 1936 'duplici
450 1867 592 1922 inodo
632 1872 830 1937 exprimi
842 1863 1027 1937 ³³posse'2·
1063 1868 1102 1893 '³'
1155 1885 1159 1890 ’
1671 1865 1674 1869 ’
2004 1868 2009 1873 ’
2514 1866 2517 1870 ’

244 1965 273 2034 3
307 1972 351 2016 5.
426 1968 538 2017 Cum
586 1971 728 2031 igitur
778 1984 935 2016 omnes
985 1971 1159 2015 numeri
1203 1984 1282 2031 per
1323 1975 1573 2031 aggregata
1617 1984 1670 2014 ex
1707 1969 1859 2014 littera
1902 1967 2037 2014 latina
2075 1982 2177 2014 cum
2207 1982 2378 2029 >graeca
2410 1966 2820 2031 repraesententur,

111 2075 195 2124 pro
248 2063 586 2109 constructione
635 2060 961 2123 quadratorum
1013 2063 1294 2123 magicorum
1335 2061 1448 2108 haec
1496 2062 1654 2122 regula
1698 2062 1956 2123 principalis
2007 2063 2330 2115 constituatur,
2382 2070 2434 2109 ut
2468 2065 2611 2124 primo
2647 2063 2821 2108 litterae

112 2157 279 2205 latinae
314 2157 505 2219 singulis
537 2155 743 2219 quadrati
779 2156 954 2203 cellulis
989 2157 1051 2202 ita
1084 2157 1407 2213 inscribantur,
1443 2162 1495 2202 ut
1530 2171 1682 2202 earum
1728 2170 1902 2202 summa
1944 2170 2023 2217 per
2067 2171 2221 2202 omnes
2262 2153 2423 2202 fascias
2464 2156 2619 2202 eadem
2654 2173 2822 2219 prove·

112 2252 226 2308 nia‘t,
263 2249 340 2296 ubi
375 2265 479 2296 cum
513 2251 696 2295 istarum
729 2249 981 2295 litterarum
1017 2264 1230 2296 numerus
1267 2251 1326 2295 sit
1358 2265 1498 2306 =oe,
1536 2249 1807 2295 cellularum
1842 2256 1992 2295 autem
2028 2251 2227 2296 omnium
2261 2265 2476 2296 numerus
2509 2266 2680 2306 =oeoe‚
2725 2251 2824 2295 evi-

112 2340 224 2389 dens
263 2349 343 2389 est
369 2337 636 2405 *quamlibet
685 2344 877 2389 litteram
920 2359 957 2389 ω
1001 2345 1171 2390 vicibus
1212 2346 1354 2405 repeti
1398 2342 1578 2390 debere.
1654 2342 1798 2389 Simili
1842 2350 1993 2390 autem
2038 2342 2173 2390 modo
2208 2359 2387 2406 quoque
2423 2358 2610 2404 graecae
2644 2343 2820 2389 litterae

112 2435 292 2510 cellulis
322 2435 526 2508 eJusdem
560 2435 768 2504 quadrati
800 2414 861 2490 ita
899 2437 1448 2506 inscribi-intelligantur,
1492 2444 1544 2484 ut
1579 2451 1733 2484 earum
1767 2419 1947 2503 quoque
1982 2442 2190 2506 summae
2221 2452 2302 2505 per
2336 2452 2491 2490 omnes
2523 2434 2686 2483 fascias
2715 2452 2822 2482 eva-

113 2531 226 2602 tlant
257 2532 478 2601 aequales.
508 2532 759 2600 vSiqenim
785 2528 931 2601 setiam
965 2547 1164 2606 summae
1200 2535 1401 2591 omnium
1437 2548 1728 2596 numerorum
1763 2550 1821 2599 ex¹
1850 2533 2001 2596 littera
2035 2511 2174 2581 latina
2201 2540 2253 2582 ,et
2286 2547 2446 2595 graec-a
2474 2535 2820 2595 compositorum

112 2645 203 2695 per,
228 2625 589 2696 onmesfascias,t
615 2629 977 2693 intel-'severunt
998 2627 1238 2694 aequales.
1305 2627 1505 2676 Tantum
1539 2629 1681 2689 igitur
1713 2635 1966 2697 superest„
1987 2635 2042 2694 nt
2081 2603 2590 2694 'inhac9dispositioue
2614 2627 2819 2689 singulae

112 2725 290 2772 litterae
341 2724 504 2770 latinae
555 2737 661 2768 cum
709 2721 900 2783 singulis
948 2723 1123 2782 graecis
1173 2721 1530 2787 conjungantur,
1563 2721 1958 2787 „quandoquidem
1995 2721 2293 2787 11³0.,.23·at.¹'9¹1e
2316 2722 2504 2789 ,Jnullus
2530 2700 2818 2768 numerorum

112 2819 168 2867 ab
209 2822 228 2866 1
268 2833 409 2880 usque
444 2815 503 2863 ad
543 2832 615 2862 ,ται
650 2818 1054 2878 praetermittetur,
1089 2831 1234 2878 neque
1270 2815 1391 2862 ullus
1422 2815 1491 2862 bis
1525 2788 1765 2864 occurrere
1802 2818 1984 2878 poterit.

246 2906 275 2975 S
306 2912 352 2958 6.
420 2911 499 2958 His
538 2907 706 2972 regulis
747 2912 792 2955 in
834 2923 1002 2971 genere
1043 2909 1223 2955 traditis
1265 2910 1466 2971 singulas
1508 2912 1681 2972 species
1717 2910 2038 2972 quadratorum
2074 2924 2155 2971 pro
2192 2909 2455 2955 cellularum
2489 2925 2675 2956 numero
2710 2925 2817 2971 per-

113 3015 382 3065 tractemus,
416 3006 493 3053 ubi
529 3004 710 3068 quidem
743 3005 895 3050 statim
929 3010 1130 3065 apparet,
1165 3018 1189 3048 a
1224 3017 1386 3051 novem
1419 3004 1603 3060 cellulis·
1630 2989 1727 3050 esse
1765 3002 2097 3064 incipiendum,
2130 3002 2496 3064 quandoquidem
2522 3005 2570 3048 in
2595 3002 2816 3064 quadrato

113 3103 160 3149 in
209 3109 401 3166 quatuor
448 3106 624 3146 tantum
674 3097 858 3144 cellulas
912 3096 1057 3143 diviso
1107 3097 1210 3142 talis
1260 3073 1492 3168 dispositio
1536 3097 1687 3143 locum
1731 3097 1896 3143 habere
1938 3099 2107 3159 nequit.
2178 3097 2408 3143 Praeterea
2450 3096 2526 3143 hic
2571 3100 2616 3143 in
2652 3113 2816 3160 genere

111 3195 477 3245 animadvertisse
505 3193 705 3258 juvabit,
742 3207 844 3239 cum
882 3207 964 3255 pro
998 3191 1196 3254 qualibet
1228 3193 1374 3254 specie
1408 3176 1622 3238 numerus
1656 3191 1905 3237 litterarum
1941 3197 2032 3237 tam
2069 3190 2332 3246 latinarum,
2386 3206 2518 3252 quam
2555 3206 2817 3252 graecarum

113 3293 172 3338 sit
203 3305 340 3345 =ae,
375 3302 530 3334 omnes
563 3294 713 3333 autem
740 3284 914 3352 fasciae
933 3285 1133 3351 totidem
1168 3286 1351 3357 cellulas
1386 3288 1679 3347 contineant,
1703 3288 2021 3363 praescriptae
2028 3284 2309 3352 conditioni
2305 3281 2542 3342 satisfieri,
2564 3287 2600 3330 si
2618 3284 2815 3344 singulis

113 3383 262 3462 fasciis
311 3398 484 3455 omnes.
517 3381 760 3461 diversae
770 3359 964 3451 litterae
994 3389 1085 3427 tam
1129 3381 1316 3459 latinae,
1369 3397 1528 3450 quam
1542 3396 1742 3455 graecae
1770 3379 2083 3462 inscribantur.
2147 3378 2241 3461 Sin
2254 3386 2427 3449 autem
2437 3348 2642 3462 eveniat,
2688 3384 2736 3421 nt
2772 3378 2814 3420 in

113 3481 352 3557 quapiam
348 3438 553 3554 1333131(
512 3475 685 3551 eadem
716 3454 863 3522 littera
897 3456 967 3543 bis
1001 3453 1072 3534 vel
1107 3483 1191 3556 ter
1212 3483 1461 3542 occurrat
1461 3491 1686 3553 semper
1698 3490 1888 3553 necesse
1916 3456 2004 3553 est,
2044 3481 2095 3520 ut
2115 3436 2310 3549 sum¹ma
2324 3444 2528 3537 omnium
2563 3457 2814 3517 litter-irum

114 3576 159 3620 in
187 3572 343 3620 eadem
367 3571 504 3618 fascia
530 3565 862 3619 occurrentium
888 3572 1084 3633 aequalis
1111 3550 1170 3618 sit
1194 3587 1393 3648 summae
1415 3572 1632 3647 omnium
1649 3571 1898 3617 litterarum
1925 3571 2016 3636 sive
2032 3530 2281 3641 latinarum
2307 3561 2812 3622 a-i-b—i-c—i—d—i-ctc

114 3668 208 3714 sive
242 3680 506 3728 graecarum
540 3683 569 3710 α
587 3680 653 3710 -ι-
670 3664 710 3720 β
727 3679 792 3708 -ι-
811 3680 842 3723 y
859 3680 926 3709 -ι-
943 3659 971 3708 δ
987 3679 1053 3708 -ι-
1079 3670 1166 3710 etc.

820 3823 859 3868 1.
914 3820 1092 3883 Species
1125 3822 1450 3886 quadratorum
1484 3824 1531 3867 in
1567 3823 1596 3867 9
1630 3821 1818 3867 cellulas
1851 3818 2104 3864 dlvisorum.

244 3900 274 4010 S
307 3946 352 3992 7.
420 3943 530 3992 Cum
563 3946 702 4008 igitur
736 3959 817 4006 pro
852 3943 938 3990 hac
971 3944 1117 4004 specie
1144 3944 1203 3988 sit
1228 3945 1389 4014 :12:3,
1415 3940 1621 3988 totidem
1642 3939 1908 3986 habebimus
1939 3937 2113 3984 litteras
2141 3938 2300 3984 latinas
2325 3954 2386 3995 a,
2396 3938 2436 3994 b,
2464 3953 2501 3995 c,
2541 3937 2813 3998 totidemque

114 4053 299 4102 graecas
331 4057 382 4096 α,
417 4039 481 4096 β,
518 4055 570 4099 γ,
610 4046 660 4085 at
691 4054 798 4086 vero
833 4039 1084 4085 litterarum
1120 4036 1355 4083 latinarum
1391 4035 1564 4082 valores
1598 4035 1672 4081 hic
1707 4039 1837 4080 erunt
1871 4034 1921 4089 0,
1959 4034 2014 4089 2,
2049 4034 2101 4089 6,
2143 4046 2406 4094 graecarum
2440 4047 2544 4079 vero
2588 4035 2632 4089 1,
2670 4033 2721 4088 2,
2760 4031 2803 4075 3.
