3080 4562
289 326 401 381 556
1078 323 1137 376 L.
1174 323 1216 377 E
1229 324 1271 376 U
1282 323 1324 376 L
1336 322 1375 376 E
1389 324 1466 377 RI
1507 321 1729 377 OPERA
1768 321 2158 379 POSTHUMA.
2782 346 2912 388 Varia.

405 483 524 533 Quod
558 488 695 524 autem
728 482 769 523 in
806 469 1013 536 prioribus
1046 480 1192 524 litteris
1227 482 1278 524 de
1314 483 1497 537 analogia
1532 482 1863 524 differentialium
1897 483 2095 538 cujusque
2130 482 2283 524 ordinis
2319 484 2519 527 formulae
2548 499 2605 539 ως]
2635 491 2676 528 et
2705 488 2971 529 terminorum

289 568 455 611 binomii
477 567 691 621 potestatis
712 568 816 620 (α-ι-
833 568 906 621 b)'¹²
928 568 1112 617 attulisti,
1135 580 1224 609 eam
1249 569 1332 624 jam
1360 582 1384 609 a
1404 568 1682 610 Leibnitzio
1703 568 1962 610 observatam
1990 581 2082 610 esse
2103 569 2282 618 memini,
2303 570 2414 623 quod
2444 571 2522 611 nisi
2552 571 2672 613 fallor
2699 572 2741 612 in
2772 573 2861 628 ejus
2879 586 2972 615 cum

291 652 580 695 Bernoullio
610 653 854 693 commercio
884 653 1078 707 reperies,
1128 652 1229 695 Vale
1260 659 1300 696 et
1327 654 1439 695 salve

401 762 556 807 Dabam
586 766 763 808 Berolini
791 767 832 809 d.
862 768 889 809 6
916 767 1026 821 Sept.
1060 768 1182 810 1755.
2089 767 2180 808 Tibi
2210 767 2481 810 addictissimo
2511 769 2558 811 L.
2589 770 2830 825 Eulero*).

849 1204 924 1250 Vir
959 1206 1180 1250 clarissime
1217 1210 1329 1263 atque
1367 1205 1591 1250 acutissime

397 1353 517 1395 Binas
548 1359 640 1396 tuas
670 1355 886 1410 epistolas,
924 1356 1093 1397 alteram
1124 1357 1231 1398 circa
1261 1355 1383 1397 finem
1413 1356 1507 1397 anni
1536 1355 1683 1409 elapsi,
1724 1354 1895 1396 alteram
1926 1369 2025 1397 vero
2061 1370 2211 1410 nuper,
2246 1358 2296 1399 ad
2328 1372 2392 1406 me
2423 1358 2557 1410 datas,
2592 1373 2752 1402 summa
2780 1373 2873 1402 cum
2903 1373 2976 1402 vo·

282 1439 439 1498 luptate
476 1441 649 1494 perlegi,
684 1456 968 1497 summamque
995 1443 1144 1498 ingenii
1181 1443 1240 1483 tui
1278 1443 1565 1496 perspicaciam
1602 1442 1775 1483 maxime
1810 1455 1903 1482 sum
1940 1442 2176 1486 admiratus.
2225 1443 2314 1485 Non
2344 1445 2479 1485 solum
2517 1446 2624 1487 enim
2656 1445 2894 1487 methodum
2924 1445 2974 1494 it-

239 1544 245 1555 ·
284 1525 362 1566 lam
393 1527 662 1569 maximorum
692 1535 733 1571 et
765 1530 1041 1578 minimorum,
1074 1530 1190 1584 cujus
1220 1530 1412 1583 equidem
1443 1529 1573 1583 prima
1603 1529 1719 1582 quasi
1749 1528 1949 1570 elementa
1979 1543 2267 1583 exposueram,
2298 1543 2349 1571 ex
2386 1532 2494 1572 veris
2531 1532 2664 1586 iisque
2701 1532 2978 1575 subtilissimis

284 1612 496 1669 principiis
526 1613 713 1665 elicuisti,
745 1629 890 1656 verum
918 1616 1042 1656 etiam
1071 1615 1240 1655 eandem
1269 1615 1433 1669 penitus
1465 1614 1685 1668 perfecisse
1707 1614 1871 1664 videris,
1898 1620 1943 1655 ut
1971 1615 2070 1655 nihil
2101 1616 2290 1669 amplius,
2322 1617 2432 1670 quod
2461 1617 2504 1657 in
2534 1608 2611 1658 hoc
2640 1631 2788 1671 genere
2818 1617 2977 1660 deside·

282 1696 365 1738 rari
397 1703 536 1750 queat,
568 1696 621 1736 sit
653 1696 853 1736 relictum.
897 1693 1178 1743 Quamobrem
1207 1695 1300 1743 tibi,
1331 1694 1406 1735 Vir
1436 1694 1680 1744 clarissime,
1710 1709 1761 1736 ex
1789 1695 1923 1735 animo
1953 1693 2154 1748 gratulor,
2183 1709 2230 1737 ac
2260 1701 2298 1737 te
2330 1697 2450 1737 etiam
2480 1703 2603 1751 atque
2633 1697 2755 1738 etiam
2783 1711 2900 1752 rogo,
2929 1703 2976 1740 ut

282 1794 388 1835 quae
417 1783 458 1822 in
489 1782 566 1823 hoc
595 1795 743 1836 genere
773 1787 854 1822 tam
884 1781 990 1822 felici
1022 1795 1113 1822 cum
1143 1794 1336 1821 successu
1368 1794 1413 1821 es
1442 1781 1672 1831 meditatus,
1696 1793 1744 1821 ea
1774 1780 1881 1821 omni
1903 1780 2042 1822 studio
2065 1781 2242 1835 penitius
2263 1783 2510 1841 perscrutari
2532 1796 2578 1824 ac
2599 1783 2794 1837 perficere
2816 1796 2975 1838 pergas.

277 1867 572 1908 Subtilissimae
609 1873 747 1908 autem
782 1866 848 1910 hic
884 1872 1101 1908 occurrunt
1138 1867 1415 1920 quaestiones,
1455 1879 1560 1920 quae
1600 1879 1679 1906 non
1709 1865 1846 1906 solum
1875 1880 2037 1911 omnem
2066 1867 2214 1921 ingenii
2243 1867 2468 1917 solertiam,
2504 1869 2574 1910 sed
2606 1869 2727 1915 etiam
2761 1869 2974 1910 maximam

278 1952 683 2007 circumspectionem
712 1952 752 1992 in
779 1952 1057 1993 ratiocinando
1088 1953 1316 2006 postulant,
1348 1952 1681 2006 quandoquidem
1710 1952 1812 1993 haec
1844 1953 2062 1993 methodus
2091 1953 2208 1994 nobis
2229 1953 2387 2008 objecta
2410 1954 2595 2008 plurimis
2625 1955 2869 2009 plerumque
2898 1942 2976 1996 cir-

277 2039 531 2080 cumstantiis
564 2038 746 2079 involuta
781 2037 966 2087 exhibet,
1001 2052 1104 2091 quas
1140 2039 1215 2079 nisi
1250 2039 1451 2079 calculum
1489 2038 1541 2079 ad
1586 2038 1775 2092 exempla
1816 2038 2081 2081 determinata
2116 2039 2388 2093 applicemus,
2425 2041 2494 2080 vix
2528 2040 2716 2082 distincte
2743 2040 2975 2095 perspicere

274 2125 496 2166 valeamus.
546 2124 603 2164 Ita
634 2137 726 2164 cum
755 2123 1007 2177 investigatio
1038 2137 1186 2164 curvae
1223 2124 1388 2165 maximi
1424 2124 1631 2164 minimive
1662 2124 1910 2178 proprietate
1945 2124 2154 2177 praeditae
2193 2125 2429 2178 perduxerit
2462 2126 2513 2166 ad
2548 2125 2650 2166 hanc
2685 2125 2972 2180 aequationem

277 2211 441 2258 L=0,
476 2224 580 2264 quae
609 2212 764 2252 scilicet
794 2211 944 2251 indicat
973 2217 1105 2252 tractu
1135 2225 1298 2260 curvae,
1331 2212 1549 2265 paululum
1578 2212 1806 2260 immutato,
1838 2211 2101 2252 variationem
2130 2211 2224 2253 inde
2254 2218 2385 2253 ortam
2416 2226 2679 2261 evanescere,
2709 2212 2973 2266 quemadmo-

278 2295 374 2335 dum
410 2302 555 2336 natura
590 2296 755 2336 maximi
792 2297 999 2340 minimive
1038 2297 1238 2350 postulat,
1275 2297 1419 2337 dubito
1448 2311 1499 2337 an
1529 2276 1793 2350 aequationes
1823 2297 2012 2345 dL.—-0,
2050 2294 2263 2346 d²L=0‚
2302 2311 2376 2337 seu
2410 2298 2645 2355 Lzoevvel
2677 2299 2972 2355 L=a÷ssoe

277 2382 328 2422 ad
357 2383 532 2424 eundem
563 2383 640 2423 sub
671 2382 760 2423 aliis
790 2382 1102 2423 circumstantiis
1133 2382 1359 2435 perducere
1391 2388 1554 2436 queant.
1604 2383 1745 2436 Neque
1775 2383 1897 2423 etiam
1929 2383 2229 2423 transformatio
2258 2383 2460 2424 formulae

1217 2485 1345 2547 sLdy
1403 2489 1444 2528 in
1504 2483 1870 2547 Lsdy—dLs26y
1897 2526 1899 2529 ,
1927 2495 2004 2530 etc.

278 2608 403 2636 novas
434 2594 791 2635 determinationes
822 2594 919 2634 mihi
952 2593 1117 2647 quidem
1145 2570 1405 2648 suppeditare
1441 2594 1622 2641 videtur;
1654 2594 1727 2635 sed
1763 2569 2128 2635 tantum-indicare
2165 2594 2200 2634 si
2231 2594 2286 2635 sit
2316 2596 2480 2644 L——-0‚
2511 2595 2599 2636 fore
2627 2595 2746 2636 etiam
2778 2597 2969 2643 dL=o‚

277 2681 384 2733 quod
415 2680 555 2733 utique
586 2671 730 2719 verum
768 2685 850 2728 est,
879 2679 953 2721 sed
980 2679 1186 2720 conclusio
1216 2679 1378 2720 inversa
1407 2680 1542 2720 locum
1573 2693 1652 2720 non
1683 2680 1819 2721 habet.
1868 2680 1969 2720 Nam
2001 2680 2078 2720 nisi
2109 2680 2162 2720 sit
2194 2681 2357 2730 L=0,
2388 2681 2492 2721 ratio
2523 2681 2688 2721 maximi
2718 2681 2782 2721 vel
2812 2680 2968 2722 minimi

274 2780 354 2807 non
385 2766 560 2819 amplius
591 2771 794 2812 versatum
826 2766 899 2806 sed
927 2766 1110 2806 fortasse
1131 2766 1364 2820 hujusmodi
1387 2766 1610 2819 positiones
1638 2764 1727 2806 aliis
1757 2766 2019 2819 problematis
2048 2765 2253 2806 solvendis
2284 2766 2482 2806 inservire
2513 2752 2727 2819 poterunt.¹
2748 2766 2867 2815 Quod
2896 2780 2968 2809 au·

273 2857 357 2892 tem
386 2850 779 2906 brachystocbrouas
809 2865 885 2904 per
913 2851 990 2892 tria
1020 2851 1190 2905 plurave
1212 2857 1361 2905 puncta
1383 2852 1476 2892 data
1497 2827 1759 2898 transeuntes,
1777 2852 1938 2900 attinet,
1967 2851 2210 2892 crediderim
2240 2865 2308 2892 eas
2339 2865 2419 2892 non
2449 2865 2539 2906 esse
2570 2865 2714 2893 curvas
2740 2853 2967 2903 continuas,

274 2935 346 2975 sed
378 2947 401 2975 3
433 2937 579 2988 quovis
610 2944 762 2991 puncto
792 2939 843 2978 ad
872 2939 1106 2992 proximum
1140 2953 1317 2992 sequens
1354 2952 1494 2979 arcum
1530 2931 1725 2992 cycloidis
1756 2939 1848 2979 duci
1890 2944 2098 2991 oportere,
2138 2952 2219 2992 quo
2250 2944 2412 2991 tempus
2443 2938 2716 2979 translationis
2752 2939 2804 2979 ab
2834 2938 2970 2986 altero

274 3020 324 3079 ad
354 3020 528 3062 alterum
559 3022 631 3063 fiat
661 3023 892 3063 minimum:
927 3024 962 3064 si
992 3025 1100 3065 enim
1130 3038 1278 3078 corpus
1307 3024 1519 3066 celerrime
1549 3024 1729 3078 singulas
1758 3023 1833 3070 has
1862 3025 2072 3078 portiones
2106 3029 2336 3078 percurrat,
2374 3029 2498 3065 totam
2529 3036 2696 3064 curvam
2723 3024 2811 3065 sine
2840 3023 2966 3065 dubio

273 3111 456 3159 tempore
486 3107 727 3147 brevissimo
758 3106 959 3149 conficiet.

385 3190 538 3231 Deinde
567 3190 602 3231 si
632 3205 712 3231 non
743 3191 849 3232 inter
878 3206 1020 3233 omnes
1041 3205 1201 3242 curvas,
1230 3192 1303 3233 sed
1334 3206 1404 3234 eas
1431 3199 1601 3242 tantum,
1623 3205 1728 3246 quae
1749 3191 1830 3233 sub
1851 3198 1962 3234 certo
1985 3192 2161 3246 quodam
2180 3205 2326 3246 genere
2349 3191 2619 3241 continentur,
2651 3196 2873 3245 quaeratur
2901 3204 2965 3241 ea,

274 3288 379 3328 quae
410 3276 573 3316 maximi
603 3275 809 3318 minimive
840 3277 1090 3330 proprietate
1121 3278 1313 3332 gaudeat,
1351 3285 1420 3319 tua
1459 3278 1628 3332 quidem
1664 3278 1884 3319 methodus
1923 3278 1974 3319 ad
2006 3277 2242 3334 hujusmodi
2281 3277 2538 3330 quaestiones
2575 3289 2710 3330 aequo
2743 3290 2836 3317 cum
2871 3290 2964 3318 suc·

271 3372 391 3400 cessu
428 3360 611 3400 adhiberi
644 3366 798 3414 potest,
838 3360 934 3401 dum
964 3374 1053 3402 mea
1082 3362 1235 3402 nullius
1266 3369 1328 3403 est
1358 3376 1480 3411 usus,
1516 3363 1588 3402 sed
1627 3362 1807 3403 evolutio
1844 3362 1987 3403 calculi
2022 3375 2318 3416 saepenumero
2350 3360 2535 3401 maximis
2565 3359 2739 3402 obnoxia
2769 3366 2831 3402 est
2859 3361 2964 3402 diff·
2993 3356 3002 3360 N

270 3446 504 3495 cultatibus3
533 3447 645 3488 velut
665 3448 698 3488 si
721 3446 822 3504 (Fig.
844 3447 913 3502 76)
934 3462 1059 3502 super
1078 3450 1256 3490 semiaxe
1278 3449 1517 3490 horizontali
1539 3450 1634 3490 dato
1656 3449 1726 3490 AC
1744 3449 1888 3490 infiniti
1910 3449 2195 3490 describantur
2217 3449 2460 3502 quadrantes
2482 3446 2647 3500 elliptici
2671 3446 2754 3495 AD,
2776 3446 2861 3498 AQ,
2887 3445 2957 3500 qui

271 3532 427 3572 ratione
459 3533 649 3573 semiaxis
680 3534 878 3588 conjugati
903 3534 987 3596 QD,
1010 3534 1094 3585 CQ,
1126 3535 1331 3583 differant,
1362 3535 1467 3575 inter
1503 3549 1658 3588 eosque
1693 3542 1915 3589 quaeratur
1945 3535 1979 3575 is
2007 3535 2098 3584 AD,
2130 3548 2256 3588 super
2277 3547 2357 3588 quo
2387 3542 2536 3586 corpus
2565 3532 2606 3572 in
2635 3519 2764 3574 vacuo
2794 3531 2960 3574 descen-
3022 3576 3026 3578 ,

271 3631 360 3657 sum
391 3631 442 3658 ex
470 3618 504 3658 A
531 3618 740 3671 incipiens,
769 3620 962 3660 citissime
992 3621 1042 3661 ad
1074 3627 1224 3662 rectam
1255 3621 1324 3672 CQ
1350 3621 1579 3674 perveniat,
1608 3621 1795 3674 aequatio
1824 3621 1979 3661 infinita
1999 3634 2075 3674 pro
2105 3621 2240 3674 specie
2269 3620 2392 3674 hujus
2420 3618 2576 3672 ellipsis
2605 3618 2820 3666 invenitur,
2850 3617 2959 3659 unde

272 3713 353 3741 non
383 3701 458 3740 nisi
489 3703 851 3757 appropinquando
888 3704 1004 3746 valor
1040 3706 1230 3747 semiaxis
1268 3706 1469 3760 conjugati
1508 3706 1574 3747 CD
1603 3704 1762 3746 definiri
1791 3711 1940 3759 potest.
1984 3705 2189 3746 Adhibitis
2220 3709 2358 3746 autem
2386 3702 2868 3758 appropinquationibus,
2896 3715 2966 3744 re·

274 3786 383 3839 peris
412 3799 502 3826 esse
530 3786 696 3827 debere:

1152 3854 1517 3936 80D2=a.4c²‚
1575 3901 1649 3928 seu
1707 3852 2055 3962 'CB-:ACls-g-

491 4045 525 4096 “)
546 4047 678 4084 Omnes
703 4047 840 4080 litterae
867 4052 888 4077 e
914 4043 1081 4080 Beroltno
1107 4046 1207 4080 datae
1232 4047 1371 4088 propria
1397 4045 1551 4079 Euleri
1577 4054 1682 4078 manu
1710 4030 2042 4087 conscriptae-aunt.
