3080 4562
321 309 423 364 128
1110 307 1166 358 L.
1209 303 1502 357 EULERI
1544 302 1767 356 OPERA
1808 303 2194 358 POSTHUMA.
2728 323 2983 368 ,mamea-w.

1588 746 1733 812 VII.

747 953 1379 1016 considerationes
1421 960 1623 1015 circa
1662 960 1997 1024 analysin
2032 960 2573 1027 mopnanteam.
2604 951 2607 954 ’

446 1405 487 1449 1.
557 1401 697 1464 Saepe
740 1416 795 1448 ac
829 1400 1021 1448 multum
1056 1415 1232 1447 mecum
1267 1401 1487 1461 cogitavi,
1539 1415 1598 1446 an
1632 1415 1727 1447 non
1760 1399 1916 1448 liceret
1951 1415 2049 1446 eam
2083 1401 2316 1462 analyseos
2350 1409 2546 1464 partem,
2589 1418 2703 1465 quae
2738 1401 3018 1466 Diophantea

308 1496 521 1559 appellari
570 1495 708 1553 solet,
759 1494 904 1541 veluti
954 1494 1151 1555 reliquas
1198 1492 1453 1539 matheseos
1494 1491 1774 1554 disciplinas,
1827 1492 1884 1539 ad
1928 1501 2052 1540 certa
2094 1495 2241 1556 capita
2273 1509 2508 1552 revocare,
2560 1495 2724 1558 quibus
2757 1497 3019 1553 constitutis

308 1592 544 1637 universus
576 1589 713 1652 hujus
744 1588 976 1647 analyseos
1010 1585 1267 1648 complexus
1302 1588 1518 1648 perspici,
1571 1593 1618 1631 et
1651 1587 1814 1647 cuique
1848 1587 2118 1655 problemati
2151 1594 2309 1650 caput,
2353 1587 2413 1634 ad
2446 1588 2570 1651 quod
2603 1586 2758 1635 referri
2794 1571 3016 1651 oporteat,

308 1684 527 1745 assignari
561 1688 717 1746 queat,
759 1688 812 1728 ut
845 1681 951 1728 hinc
986 1683 1203 1744 principia
1237 1683 1387 1728 statim
1407 1683 1725 1741 innotescant,
1768 1696 1819 1726 ex
1853 1682 2015 1744 quibus
2049 1682 2266 1744 cujusque
2301 1682 2593 1744 problematis
2624 1683 2894 1730 solutionem
2927 1684 3019 1746 peti

309 1778 565 1824 conveniat.
632 1774 803 1821 Verum
845 1783 1082 1838 postquam
1126 1775 1382 1836 complures
1418 1771 1703 1836 quaestiones
1735 1774 1827 1821 huc
1862 1777 2138 1836 pertinentes
2171 1775 2292 1822 omni
2327 1775 2477 1823 studio
2513 1784 2880 1838 pertractassem,
2921 1779 3020 1824 sin-
3051 1806 3059 1810 ν

311 1869 441 1931 gulas
475 1868 569 1915 fere
604 1868 685 1915 sibi
720 1883 904 1930 prorsus
937 1869 1184 1930 peculiares
1218 1867 1458 1913 methodos
1492 1874 1538 1912 et
1572 1867 1736 1913 calculi
1770 1863 1967 1914 artificia
1999 1868 2228 1930 postulare
2265 1864 2558 1930 deprehendi,
2604 1877 2656 1917 ut
2688 1870 3020 1934 propemodum

309 1962 502 2010 totidem
541 1962 676 2025 hujus
717 1963 950 2022 analyseos
991 1964 1140 2023 capita
1181 1942 1497 2028 constituenda
1528 1960 1797 2018 videantur,
1850 1968 1961 2023 quot
2000 1961 2279 2024 problemata
2319 1964 2603 2024 particularia
2645 1965 2691 2010 in
2725 1964 2816 2012 hoc
2851 1970 3017 2029 genere

308 2058 500 2120 proponi
551 2063 757 2119 possunt.
821 2056 884 2103 Ex
933 2071 1024 2118 quo
1076 2056 1218 2106 nullo,
1250 2054 1400 2101 adhuc
1429 2053 1576 2102 ›modo
1622 2055 1876 2116 intelligere
1918 2056 2048 2110 licet,
2100 2055 2333 2118 quomodo
2375 2072 2460 2119 pro
2502 2057 2589 2104 hac
2621 2059 2853 2120 analyseos
2887 2065 3019 2123 parte

309 2152 527 2214 principia
561 2150 788 2211 generalia
823 2125 1061 2206 constitui,
1099 2164 1285 2214 eamque
1322 2150 1367 2194 in
1403 2156 1548 2195 certas
1583 2155 1730 2210 partes
1765 2148 1973 2196 distribui
2010 2156 2233 2211 oporteat.
2876 2128 2878 2130 Ι
2916 2214 2918 2216 .
3006 2214 3009 2217 ‚

439 2248 486 2314 2.
555 2245 729 2290 Divisio
781 2243 963 2306 quidem
1014 2244 1152 2307 hujus
1201 2245 1430 2304 analyseos
1478 2246 1525 2291 in
1576 2243 1687 2291 duas
1729 2252 1880 2307 partes
1920 2247 2072 2291 statim
2107 2260 2154 2290 se
2189 2240 2346 2303 offert,
2400 2258 2589 2306 quarum
2625 2245 2765 2292 altera
2798 2245 3017 2310 eJusmodi

310 2338 590 2401 problemata
640 2339 685 2384 in
735 2352 782 2383 se
832 2337 1170 2398 complectitur,
1222 2352 1415 2399 quorum
1456 2338 1703 2384 solutiones
1744 2340 1806 2384 ita
1849 2353 1930 2400 per
1970 2336 2184 2384 formulas
2226 2337 2459 2399 generales
2491 2337 2688 2384 exhiberi
2724 2332 2913 2400 queant,
2964 2347 3019 2387 ut

241 2446 245 2447 ⁷
310 2446 467 2480 omnes
508 2433 637 2494 plane
680 2430 946 2483 solutiones
967 2433 1014 2485 in
1041 2433 1109 2497 ,fis
1151 2432 1487 2493 contineantur,
1538 2447 1591 2477 ex
1632 2433 1773 2494 iisque
1808 2432 2000 2480 derivari
2036 2438 2219 2494 queant.
2287 2429 2445 2478 Altera
2479 2438 2629 2478 autem
2663 2446 2764 2494 pars
2798 2432 3018 2495 ejusmodi
3055 2469 3060 2474 .

309 2526 644 2588 quaestionibus
687 2525 911 2571 solvendis
956 2522 1180 2582 versatur,
1234 2540 1423 2586 quarum
1457 2525 1622 2572 solutio
1656 2526 1881 2586 generalis
1915 2528 2174 2589 neutiquam
2207 2527 2253 2571 in
2288 2519 2424 2572 certis
2454 2523 2659 2572 formulis
2693 2522 3017 2588 comprehendi

309 2626 482 2683 potest,
535 2618 617 2684 sed
657 2620 719 2665 ita
761 2620 934 2666 institui
969 2618 1104 2674 solet,
1156 2625 1206 2664 ut
1239 2634 1290 2664 ex
1324 2618 1523 2680 qualibet
1557 2619 1784 2666 solutione
1812 2619 1909 2683 jam
1942 2602 2124 2666 inventa
2160 2619 2271 2686 aliae
2306 2632 2448 2664 novae
2483 2616 2647 2664 deduci
2681 2625 2848 2680 queant
2858 2655 2885 2686 ‚A
2923 2634 3015 2698 quo

306 2715 353 2760 in
394 2714 581 2774 negotio
622 2719 772 2759 tamen
812 2714 974 2759 iterum
1015 2709 1108 2758 fere
1142 2708 1317 2758 infinita
1349 2714 1542 2758 varietas
1574 2728 1655 2774 pro
1690 2712 1866 2759 diversa
1901 2713 2228 2775 problematum
2262 2711 2410 2758 indole
2446 2713 2670 2766 cernitur3
2722 2718 2769 2758 et
2801 2714 3029 2777 quoniam*

307 2821 430 2854 nunc
465 2805 648 2870 quidem
683 2807 869 2852 maxima
903 2820 1004 2868 pars
1038 2806 1388 2868 problematum,
1423 2821 1536 2868 quae
1570 2807 1615 2851 in
1647 2805 1815 2867 analysi
1849 2805 2126 2868 Diophantea
2160 2807 2342 2853 tractari
2376 2805 2546 2863 solent,
2583 2804 2641 2852 ad
2675 2804 2794 2852 hanc
2827 2806 3012 2853 alteram

306 2906 478 2962 partem
511 2902 581 2946 est
613 2897 871 2956 referenda,
912 2899 1056 2945 multo
1089 2899 1236 2945 minus
1271 2898 1470 2946 methodi
1511 2898 1569 2945 ad
1605 2914 1655 2945 ea
1689 2898 1908 2948 solvenda
1942 2898 2306 2947 accommodatae
2341 2897 2399 2946 ad
2432 2905 2580 2947 certas
2615 2897 2780 2945 classes
2811 2899 3012 2946 revocari

307 3007 436 3055 posse
473 2991 699 3040 videntur.
847 3060 851 3064 ,
1515 3061 1517 3063 Ι

439 3086 482 3131 3.
552 3085 708 3147 Neque
743 3099 849 3131 vero
883 3084 958 3131 illa
993 3083 1153 3132 divisio
1188 3085 1515 3146 problematum
1549 3084 1652 3132 inde
1687 3088 1851 3149 petita,
1887 3085 2013 3149 quod
2046 3087 2132 3132 alia
2164 3086 2438 3133 solutionem
2474 3085 2756 3147 generalem,
2792 3085 2843 3131 in
2876 3086 3012 3134 certis

304 3177 514 3227 formulis
562 3179 794 3239 analyticis
843 3185 1121 3235 contentam,
1172 3178 1432 3237 admittant,
1485 3180 1570 3226 alia
1612 3196 1722 3228 vero
1764 3187 1940 3247 tantum
1983 3181 2229 3226 solutiones
2271 3179 2565 3242 particulares
2603 3180 2846 3242 recipiant,
2896 3180 3037 3242 quae¹

305 3279 455 3319 tamen
488 3273 704 3319 continuo
738 3270 797 3318 ad
830 3271 941 3318 alias
974 3286 1113 3318 novas
1148 3271 1421 3334 perducant,
1467 3279 1560 3319 tam
1595 3279 1722 3320 certo
1756 3279 1826 3319 est
1860 3273 2078 3329 stabilita,
2121 3278 2175 3318 ut
2208 3272 2320 3319 haec
2355 3271 2446 3319 duo
2482 3271 2811 3333 problematum
2843 3286 3010 3334 genera

306 3365 366 3414 ob
418 3380 545 3412 suam
593 3372 798 3412 naturam
847 3365 1027 3426 penitus
1075 3379 1101 3411 a
1152 3379 1200 3411 se
1248 3366 1439 3412 invicem
1490 3364 1776 3423 dirimantur,
1830 3381 1942 3429 ‘cum
1993 3358 2145 3428 utique
2198 3367 2377 3412 evenire
2418 3372 2575 3428 queat,
2626 3372 2678 3412 ut
2718 3365 3010 3428 problemata,

307 3475 420 3523 quae
469 3458 528 3506 ad
579 3460 870 3521 posteriorem
911 3464 1083 3520 partem
1124 3455 1356 3504 referenda
1396 3458 1625 3516 videntur,
1678 3460 1812 3505 certis
1844 3459 2058 3505 adhibitis
2090 3455 2294 3509 artificiis
2328 3459 2598 3521 generaliter
2628 3459 2793 3507 resolvi
2826 3465 3007 3520 queant.

310 3552 569 3614 Cujusmodi
622 3559 692 3598 est
740 3552 969 3614 problema
1022 3551 1077 3598 de
1129 3551 1276 3597 tribus
1317 3552 1444 3599 cubis
1483 3552 1783 3610 inveniendis,
1834 3568 2025 3615 quorum
2068 3569 2240 3600 summa
2281 3555 2341 3600 sit
2381 3552 2547 3606 cubus,
2598 3553 2728 3615 cujus
2760 3552 3008 3599 solutiones

309 3644 498 3691 antehac
539 3653 717 3691 tantum
761 3646 1052 3707 particulares
1093 3652 1199 3692 sunt
1237 3645 1390 3703 datae,
1443 3645 1588 3693 donec
1631 3646 1842 3709 equidem
1884 3647 1982 3711 ejus
2015 3647 2285 3696 solutionem
2320 3647 2574 3708 generalem
2598 3645 2809 3703 exhibui,
2861 3645 2923 3694 ita
2955 3651 3009 3694 ut

309 3738 399 3785 hoc
434 3737 662 3799 problema
695 3753 815 3784 nunc
849 3739 1017 3800 primae
1052 3739 1164 3801 parti
1198 3739 1529 3786 accensendum
1563 3740 1781 3790 videatur.
2381 3713 2390 3719 ἰ
3014 3735 3018 3737 ’

445 3834 487 3877 [ι.
557 3829 666 3876 Cum
718 3832 855 3890 igitur
903 3831 1125 3879 hactenus
1175 3831 1303 3893 plura
1356 3832 1633 3894 problemata
1673 3833 1952 3896 Diophantea
2004 3836 2084 3882 sim
2127 3840 2456 3896 perscrutatus,
2508 3832 2629 3880 unde
2670 3830 2914 3880 multitudo
2952 3845 3006 3878 ac

314 3926 501 3970 varietas
537 3922 874 3980 methodorum,
925 3925 1089 3985 quibus
1123 3924 1181 3971 ad
1215 3942 1266 3972 ea
1301 3926 1514 3974 solvenda
1551 3930 1617 3974 uti
1651 3902 1884 3986 convenit,
1934 3931 2121 3975 maxime
2156 3929 2323 3984 elucet,
2375 3942 2498 3973 nunc
2539 3925 2660 3973 aliud
2701 3926 2798 3989 ejus
2829 3905 3007 3987 generis

313 4017 565 4080 problema,
609 4015 732 4073 quod
767 4015 946 4077 quidem
981 4017 1099 4080 apud
1134 4027 1342 4068 auctores
1377 4023 1538 4084 passim
1573 4024 1794 4080 occurrit,
1838 4022 2201 4085 contemplabor,
2235 4019 2358 4082 quod
2392 4022 2452 4067 ita
2487 4035 2534 4067 se
2569 4019 2726 4066 habet:

3069 4286 3080 4562 —Qm—e—nx..
3073 4167 3080 4267 -1*„--
3078 4120 3080 4142 ..
3078 4027 3080 4032 .
3076 3997 3080 4000 ,
