<?xml version="1.0" encoding="UTF-8"?>
<!DOCTYPE html PUBLIC "-//W3C//DTD XHTML 1.0 Transitional//EN"
    "http://www.w3.org/TR/xhtml1/DTD/xhtml1-transitional.dtd">
<html xmlns="http://www.w3.org/1999/xhtml" xml:lang="en" lang="en">
 <head>
  <title>
</title>
<meta http-equiv="Content-Type" content="text/html;charset=utf-8" />
  <meta name='ocr-system' content='tesseract 3.04.00' />
  <meta name='ocr-capabilities' content='ocr_page ocr_carea ocr_par ocr_line ocrx_word'/>
</head>
<body>
  <div class='ocr_page' id='page_1' title='image "./operapostumamath01euleuoft/operapostumamath01euleuoft_0103.png"; bbox 0 0 3080 4562; ppageno 0'>
   <div class='ocr_carea' id='block_1_1' title="bbox 0 1495 34 4562">
    <p class='ocr_par' dir='ltr' id='par_1_1' title="bbox 0 1495 34 4562">
     <span class='ocr_line' id='line_1_1' title="bbox 0 1495 34 4562; baseline 0 0"><span class='ocrx_word' id='word_1_1' title='bbox 0 1495 34 4562; x_wconf 95' lang='lat' dir='ltr'><strong> </strong></span> 
     </span>
    </p>
   </div>
   <div class='ocr_carea' id='block_1_2' title="bbox 1137 303 2828 360">
    <p class='ocr_par' dir='ltr' id='par_1_2' title="bbox 1137 303 2828 360">
     <span class='ocr_line' id='line_1_2' title="bbox 1137 303 2828 360; baseline 0.002 -4"><span class='ocrx_word' id='word_1_2' title='bbox 1137 303 1212 356; x_wconf 84' lang='lat' dir='ltr'><strong>De</strong></span> <span class='ocrx_word' id='word_1_3' title='bbox 1258 304 1464 357; x_wconf 83' lang='lat' dir='ltr'><strong>numeris</strong></span> <span class='ocrx_word' id='word_1_4' title='bbox 1507 305 1848 358; x_wconf 74' lang='lat' dir='ltr'><strong><em>amicabilibus.</em></strong></span> <span class='ocrx_word' id='word_1_5' title='bbox 2761 307 2828 360; x_wconf 87' lang='grc'><strong>85</strong></span> 
     </span>
    </p>
   </div>
   <div class='ocr_carea' id='block_1_3' title="bbox 1431 701 1550 766">
    <p class='ocr_par' dir='ltr' id='par_1_3' title="bbox 1431 701 1550 766">
     <span class='ocr_line' id='line_1_3' title="bbox 1431 701 1550 766; baseline 0.008 -1"><span class='ocrx_word' id='word_1_6' title='bbox 1431 701 1550 766; x_wconf 92' lang='grc' dir='ltr'><strong>ΙΙΙ.</strong></span> 
     </span>
    </p>
   </div>
   <div class='ocr_carea' id='block_1_4' title="bbox 967 954 1984 1010">
    <p class='ocr_par' dir='ltr' id='par_1_4' title="bbox 967 954 1984 1010">
     <span class='ocr_line' id='line_1_4' title="bbox 967 954 1984 1010; baseline 0.001 -3"><span class='ocrx_word' id='word_1_7' title='bbox 967 955 1077 1007; x_wconf 77' lang='lat' dir='ltr'><strong>De</strong></span> <span class='ocrx_word' id='word_1_8' title='bbox 1109 954 1426 1007; x_wconf 73' lang='lat' dir='ltr'><strong>niuneris</strong></span> <span class='ocrx_word' id='word_1_9' title='bbox 1459 954 1984 1010; x_wconf 76' lang='lat' dir='ltr'><strong>anneabillbus.</strong></span> 
     </span>
    </p>
   </div>
   <div class='ocr_carea' id='block_1_5' title="bbox 521 1298 2443 1357">
    <p class='ocr_par' dir='ltr' id='par_1_5' title="bbox 521 1298 2443 1357">
     <span class='ocr_line' id='line_1_5' title="bbox 521 1298 2443 1357; baseline 0.002 -18"><span class='ocrx_word' id='word_1_10' title='bbox 521 1298 647 1349; x_wconf 89' lang='lat' dir='ltr'><strong>(Conf.</strong></span> <span class='ocrx_word' id='word_1_11' title='bbox 679 1298 819 1339; x_wconf 84' lang='lat' dir='ltr'><strong>comm.</strong></span> <span class='ocrx_word' id='word_1_12' title='bbox 848 1300 998 1339; x_wconf 74' lang='lat' dir='ltr'><strong>arithm.</strong></span> <span class='ocrx_word' id='word_1_13' title='bbox 1029 1299 1216 1342; x_wconf 90' lang='lat' dir='ltr'><strong>Prooem.</strong></span> <span class='ocrx_word' id='word_1_14' title='bbox 1247 1313 1337 1355; x_wconf 87' lang='lat' dir='ltr'><strong>pag.</strong></span> <span class='ocrx_word' id='word_1_15' title='bbox 1368 1301 1498 1343; x_wconf 87' lang='lat' dir='ltr'><strong>XVII.</strong></span> <span class='ocrx_word' id='word_1_16' title='bbox 1528 1301 1576 1343; x_wconf 90' lang='lat' dir='ltr'><strong>N.</strong></span> <span class='ocrx_word' id='word_1_17' title='bbox 1609 1303 1676 1344; x_wconf 80' lang='lat'><strong>56.</strong></span> <span class='ocrx_word' id='word_1_18' title='bbox 1706 1316 1781 1344; x_wconf 92' lang='lat' dir='ltr'><strong>nec</strong></span> <span class='ocrx_word' id='word_1_19' title='bbox 1809 1316 1892 1344; x_wconf 90' lang='lat' dir='ltr'><strong>non</strong></span> <span class='ocrx_word' id='word_1_20' title='bbox 1922 1302 2064 1357; x_wconf 88' lang='lat' dir='ltr'><strong>Suppl.</strong></span> <span class='ocrx_word' id='word_1_21' title='bbox 2094 1303 2279 1344; x_wconf 88' lang='lat' dir='ltr'><strong>Prooem.</strong></span> <span class='ocrx_word' id='word_1_22' title='bbox 2309 1303 2358 1343; x_wconf 90' lang='lat' dir='ltr'><strong>N.</strong></span> <span class='ocrx_word' id='word_1_23' title='bbox 2392 1305 2443 1353; x_wconf 83' lang='lat'><strong>1.)</strong></span> 
     </span>
    </p>
   </div>
   <div class='ocr_carea' id='block_1_6' title="bbox 132 1578 2837 4085">
    <p class='ocr_par' dir='ltr' id='par_1_6' title="bbox 132 1578 2837 3055">
     <span class='ocr_line' id='line_1_6' title="bbox 266 1578 2829 1652; baseline 0.002 -22"><span class='ocrx_word' id='word_1_24' title='bbox 266 1578 302 1648; x_wconf 74' lang='lat' dir='ltr'><strong>§v</strong></span> <span class='ocrx_word' id='word_1_25' title='bbox 333 1586 376 1630; x_wconf 86' lang='grc'><strong>1.</strong></span> <span class='ocrx_word' id='word_1_26' title='bbox 443 1581 567 1630; x_wconf 86' lang='lat' dir='ltr'><strong>Inter</strong></span> <span class='ocrx_word' id='word_1_27' title='bbox 599 1585 748 1631; x_wconf 90' lang='lat' dir='ltr'><strong>omnia</strong></span> <span class='ocrx_word' id='word_1_28' title='bbox 780 1583 1084 1648; x_wconf 82' lang='lat' dir='ltr'><strong>problemata,</strong></span> <span class='ocrx_word' id='word_1_29' title='bbox 1127 1601 1242 1648; x_wconf 85' lang='lat' dir='ltr'><strong>quae</strong></span> <span class='ocrx_word' id='word_1_30' title='bbox 1278 1587 1325 1633; x_wconf 90' lang='lat' dir='ltr'><strong>in</strong></span> <span class='ocrx_word' id='word_1_31' title='bbox 1358 1585 1549 1633; x_wconf 88' lang='lat' dir='ltr'><strong>mathesi</strong></span> <span class='ocrx_word' id='word_1_32' title='bbox 1582 1587 1767 1633; x_wconf 89' lang='lat' dir='ltr'><strong>tractari</strong></span> <span class='ocrx_word' id='word_1_33' title='bbox 1800 1585 1971 1643; x_wconf 85' lang='lat' dir='ltr'><strong>solent,</strong></span> <span class='ocrx_word' id='word_1_34' title='bbox 2022 1602 2143 1634; x_wconf 93' lang='lat' dir='ltr'><strong>nunc</strong></span> <span class='ocrx_word' id='word_1_35' title='bbox 2179 1587 2359 1651; x_wconf 91' lang='lat' dir='ltr'><strong>quidem</strong></span> <span class='ocrx_word' id='word_1_36' title='bbox 2393 1604 2418 1636; x_wconf 91' lang='lat' dir='ltr'><strong>a</strong></span> <span class='ocrx_word' id='word_1_37' title='bbox 2451 1588 2673 1652; x_wconf 90' lang='lat' dir='ltr'><strong>plerisque</strong></span> <span class='ocrx_word' id='word_1_38' title='bbox 2708 1589 2829 1638; x_wconf 91' lang='lat' dir='ltr'><strong>nulla</strong></span> 
     </span>
     <span class='ocr_line' id='line_1_7' title="bbox 133 1676 2833 1746; baseline 0.002 -22"><span class='ocrx_word' id='word_1_39' title='bbox 133 1678 277 1739; x_wconf 87' lang='lat' dir='ltr'><strong>magis</strong></span> <span class='ocrx_word' id='word_1_40' title='bbox 309 1676 475 1724; x_wconf 86' lang='lat' dir='ltr'><strong>sterilia</strong></span> <span class='ocrx_word' id='word_1_41' title='bbox 507 1684 643 1740; x_wconf 91' lang='lat' dir='ltr'><strong>atque</strong></span> <span class='ocrx_word' id='word_1_42' title='bbox 675 1677 732 1724; x_wconf 89' lang='lat' dir='ltr'><strong>ab</strong></span> <span class='ocrx_word' id='word_1_43' title='bbox 767 1680 890 1725; x_wconf 93' lang='lat' dir='ltr'><strong>omni</strong></span> <span class='ocrx_word' id='word_1_44' title='bbox 921 1693 1008 1726; x_wconf 88' lang='lat' dir='ltr'><strong>usu</strong></span> <span class='ocrx_word' id='word_1_45' title='bbox 1039 1678 1329 1727; x_wconf 82' lang='lat' dir='ltr'><strong>abhorrentia</strong></span> <span class='ocrx_word' id='word_1_46' title='bbox 1362 1681 1691 1739; x_wconf 79' lang='lat' dir='ltr'><strong>existimantur,</strong></span> <span class='ocrx_word' id='word_1_47' title='bbox 1731 1695 1866 1744; x_wconf 91' lang='lat' dir='ltr'><strong>quam</strong></span> <span class='ocrx_word' id='word_1_48' title='bbox 1898 1696 1971 1739; x_wconf 90' lang='lat' dir='ltr'><strong>ea,</strong></span> <span class='ocrx_word' id='word_1_49' title='bbox 2009 1697 2122 1744; x_wconf 91' lang='lat' dir='ltr'><strong>quae</strong></span> <span class='ocrx_word' id='word_1_50' title='bbox 2155 1685 2202 1729; x_wconf 94' lang='lat' dir='ltr'><strong>in</strong></span> <span class='ocrx_word' id='word_1_51' title='bbox 2236 1683 2615 1746; x_wconf 86' lang='lat' dir='ltr'><strong>contemplatione</strong></span> <span class='ocrx_word' id='word_1_52' title='bbox 2650 1692 2833 1732; x_wconf 88' lang='lat' dir='ltr'><strong>naturae</strong></span> 
     </span>
     <span class='ocr_line' id='line_1_8' title="bbox 132 1770 2834 1838; baseline 0.001 -20"><span class='ocrx_word' id='word_1_53' title='bbox 132 1785 424 1821; x_wconf 88' lang='lat' dir='ltr'><strong>numerorum</strong></span> <span class='ocrx_word' id='word_1_54' title='bbox 463 1779 510 1819; x_wconf 88' lang='lat' dir='ltr'><strong>et</strong></span> <span class='ocrx_word' id='word_1_55' title='bbox 548 1770 795 1820; x_wconf 87' lang='lat' dir='ltr'><strong>divisorum</strong></span> <span class='ocrx_word' id='word_1_56' title='bbox 833 1773 1177 1835; x_wconf 83' lang='lat' dir='ltr'><strong>investigatione</strong></span> <span class='ocrx_word' id='word_1_57' title='bbox 1222 1781 1470 1821; x_wconf 86' lang='lat' dir='ltr'><strong>versantur.</strong></span> <span class='ocrx_word' id='word_1_58' title='bbox 1539 1774 1591 1822; x_wconf 90' lang='lat' dir='ltr'><strong>In</strong></span> <span class='ocrx_word' id='word_1_59' title='bbox 1631 1790 1721 1837; x_wconf 93' lang='lat' dir='ltr'><strong>quo</strong></span> <span class='ocrx_word' id='word_1_60' title='bbox 1755 1775 1931 1838; x_wconf 88' lang='lat' dir='ltr'><strong>judicio</strong></span> <span class='ocrx_word' id='word_1_61' title='bbox 1965 1776 2176 1824; x_wconf 85' lang='lat' dir='ltr'><strong>hodierni</strong></span> <span class='ocrx_word' id='word_1_62' title='bbox 2211 1777 2514 1824; x_wconf 83' lang='lat' dir='ltr'><strong>mathematici</strong></span> <span class='ocrx_word' id='word_1_63' title='bbox 2546 1793 2573 1824; x_wconf 91' lang='lat' dir='ltr'><strong>a</strong></span> <span class='ocrx_word' id='word_1_64' title='bbox 2606 1776 2834 1824; x_wconf 85' lang='lat' dir='ltr'><strong>veteribus</strong></span> 
     </span>
     <span class='ocr_line' id='line_1_9' title="bbox 133 1864 2835 1936; baseline 0.001 -25"><span class='ocrx_word' id='word_1_65' title='bbox 133 1878 224 1912; x_wconf 91' lang='lat' dir='ltr'><strong>non</strong></span> <span class='ocrx_word' id='word_1_66' title='bbox 271 1864 558 1913; x_wconf 87' lang='lat' dir='ltr'><strong>mediocriter</strong></span> <span class='ocrx_word' id='word_1_67' title='bbox 606 1865 898 1924; x_wconf 89' lang='lat' dir='ltr'><strong>dissentiunt,</strong></span> <span class='ocrx_word' id='word_1_68' title='bbox 952 1869 1029 1929; x_wconf 93' lang='lat' dir='ltr'><strong>qui</strong></span> <span class='ocrx_word' id='word_1_69' title='bbox 1075 1866 1335 1931; x_wconf 92' lang='lat' dir='ltr'><strong>hujusmodi</strong></span> <span class='ocrx_word' id='word_1_70' title='bbox 1386 1868 1769 1931; x_wconf 86' lang='lat' dir='ltr'><strong>speculationibus</strong></span> <span class='ocrx_word' id='word_1_71' title='bbox 1818 1871 1962 1918; x_wconf 90' lang='lat' dir='ltr'><strong>multo</strong></span> <span class='ocrx_word' id='word_1_72' title='bbox 2002 1872 2146 1936; x_wconf 90' lang='lat' dir='ltr'><strong>majus</strong></span> <span class='ocrx_word' id='word_1_73' title='bbox 2163 1877 2166 1880; x_wconf 87' lang='lat'>&#39;</span> <span class='ocrx_word' id='word_1_74' title='bbox 2186 1873 2380 1934; x_wconf 90' lang='lat' dir='ltr'><strong>pretium</strong></span> <span class='ocrx_word' id='word_1_75' title='bbox 2420 1873 2693 1918; x_wconf 89' lang='lat' dir='ltr'><strong>constituere</strong></span> <span class='ocrx_word' id='word_1_76' title='bbox 2728 1875 2835 1916; x_wconf 88' lang='lat' dir='ltr'><strong>sunt</strong></span> 
     </span>
     <span class='ocr_line' id='line_1_10' title="bbox 133 1960 2834 2028; baseline 0.001 -22"><span class='ocrx_word' id='word_1_77' title='bbox 133 1960 269 2007; x_wconf 86' lang='lat' dir='ltr'><strong>soliti.</strong></span> <span class='ocrx_word' id='word_1_78' title='bbox 335 1960 431 2008; x_wconf 87' lang='lat' dir='ltr'><strong>Etsi</strong></span> <span class='ocrx_word' id='word_1_79' title='bbox 481 1963 598 2008; x_wconf 90' lang='lat' dir='ltr'><strong>enim</strong></span> <span class='ocrx_word' id='word_1_80' title='bbox 631 1961 819 2010; x_wconf 90' lang='lat' dir='ltr'><strong>Veteres</strong></span> <span class='ocrx_word' id='word_1_81' title='bbox 867 1978 960 2010; x_wconf 91' lang='lat' dir='ltr'><strong>non</strong></span> <span class='ocrx_word' id='word_1_82' title='bbox 1008 1965 1334 2025; x_wconf 91' lang='lat' dir='ltr'><strong>ignoraverunt</strong></span> <span class='ocrx_word' id='word_1_83' title='bbox 1373 1980 1425 2010; x_wconf 85' lang='lat' dir='ltr'><strong>ex</strong></span> <span class='ocrx_word' id='word_1_84' title='bbox 1464 1963 1755 2026; x_wconf 84' lang='lat' dir='ltr'><strong>indagatione</strong></span> <span class='ocrx_word' id='word_1_85' title='bbox 1796 1972 1982 2014; x_wconf 85' lang='lat' dir='ltr'><strong>naturae</strong></span> <span class='ocrx_word' id='word_1_86' title='bbox 2023 1981 2312 2014; x_wconf 90' lang='lat' dir='ltr'><strong>numerorum</strong></span> <span class='ocrx_word' id='word_1_87' title='bbox 2346 1979 2503 2028; x_wconf 90' lang='lat' dir='ltr'><strong>parum</strong></span> <span class='ocrx_word' id='word_1_88' title='bbox 2537 1964 2744 2011; x_wconf 85' lang='lat' dir='ltr'><strong>utilitatis</strong></span> <span class='ocrx_word' id='word_1_89' title='bbox 2777 1961 2834 2009; x_wconf 84' lang='lat' dir='ltr'><strong>ad</strong></span> 
     </span>
     <span class='ocr_line' id='line_1_11' title="bbox 132 2055 2834 2121; baseline 0 -19"><span class='ocrx_word' id='word_1_90' title='bbox 132 2069 231 2104; x_wconf 88' lang='lat' dir='ltr'><strong>eam</strong></span> <span class='ocrx_word' id='word_1_91' title='bbox 281 2055 536 2103; x_wconf 89' lang='lat' dir='ltr'><strong>matheseos</strong></span> <span class='ocrx_word' id='word_1_92' title='bbox 583 2062 776 2118; x_wconf 90' lang='lat' dir='ltr'><strong>partem,</strong></span> <span class='ocrx_word' id='word_1_93' title='bbox 827 2071 941 2119; x_wconf 90' lang='lat' dir='ltr'><strong>quae</strong></span> <span class='ocrx_word' id='word_1_94' title='bbox 983 2057 1206 2119; x_wconf 90' lang='lat' dir='ltr'><strong>applicata</strong></span> <span class='ocrx_word' id='word_1_95' title='bbox 1239 2060 1390 2105; x_wconf 87' lang='lat' dir='ltr'><strong>vocari</strong></span> <span class='ocrx_word' id='word_1_96' title='bbox 1425 2058 1564 2115; x_wconf 91' lang='lat' dir='ltr'><strong>solet,</strong></span> <span class='ocrx_word' id='word_1_97' title='bbox 1613 2065 1659 2104; x_wconf 91' lang='lat' dir='ltr'><strong>et</strong></span> <span class='ocrx_word' id='word_1_98' title='bbox 1692 2060 1737 2105; x_wconf 92' lang='lat' dir='ltr'><strong>in</strong></span> <span class='ocrx_word' id='word_1_99' title='bbox 1770 2061 2116 2121; x_wconf 85' lang='lat' dir='ltr'><strong>investigatione</strong></span> <span class='ocrx_word' id='word_1_100' title='bbox 2150 2074 2300 2106; x_wconf 91' lang='lat' dir='ltr'><strong>rerum</strong></span> <span class='ocrx_word' id='word_1_101' title='bbox 2335 2058 2389 2105; x_wconf 87' lang='lat' dir='ltr'><strong>ad</strong></span> <span class='ocrx_word' id='word_1_102' title='bbox 2425 2058 2653 2120; x_wconf 84' lang='lat' dir='ltr'><strong>physicam</strong></span> <span class='ocrx_word' id='word_1_103' title='bbox 2687 2058 2834 2119; x_wconf 89' lang='lat' dir='ltr'><strong>potis-</strong></span> 
     </span>
     <span class='ocr_line' id='line_1_12' title="bbox 133 2149 2835 2213; baseline 0 -18"><span class='ocrx_word' id='word_1_104' title='bbox 133 2149 296 2196; x_wconf 87' lang='lat' dir='ltr'><strong>simum</strong></span> <span class='ocrx_word' id='word_1_105' title='bbox 344 2149 664 2210; x_wconf 87' lang='lat' dir='ltr'><strong>pertinentium</strong></span> <span class='ocrx_word' id='word_1_106' title='bbox 705 2154 774 2194; x_wconf 92' lang='lat' dir='ltr'><strong>est</strong></span> <span class='ocrx_word' id='word_1_107' title='bbox 814 2149 982 2210; x_wconf 90' lang='lat' dir='ltr'><strong>posita:</strong></span> <span class='ocrx_word' id='word_1_108' title='bbox 1029 2155 1182 2196; x_wconf 87' lang='lat' dir='ltr'><strong>tamen</strong></span> <span class='ocrx_word' id='word_1_109' title='bbox 1224 2149 1515 2197; x_wconf 90' lang='lat' dir='ltr'><strong>nihilominus</strong></span> <span class='ocrx_word' id='word_1_110' title='bbox 1557 2151 1604 2196; x_wconf 94' lang='lat' dir='ltr'><strong>in</strong></span> <span class='ocrx_word' id='word_1_111' title='bbox 1645 2150 1900 2198; x_wconf 87' lang='lat' dir='ltr'><strong>scrutandis</strong></span> <span class='ocrx_word' id='word_1_112' title='bbox 1933 2166 2222 2199; x_wconf 89' lang='lat' dir='ltr'><strong>numerorum</strong></span> <span class='ocrx_word' id='word_1_113' title='bbox 2256 2151 2607 2213; x_wconf 86' lang='lat' dir='ltr'><strong>proprietatibus</strong></span> <span class='ocrx_word' id='word_1_114' title='bbox 2641 2151 2835 2197; x_wconf 91' lang='lat' dir='ltr'><strong>multum</strong></span> 
     </span>
     <span class='ocr_line' id='line_1_13' title="bbox 134 2240 2837 2306; baseline 0 -18"><span class='ocrx_word' id='word_1_115' title='bbox 134 2240 272 2289; x_wconf 88' lang='lat' dir='ltr'><strong>studii</strong></span> <span class='ocrx_word' id='word_1_116' title='bbox 304 2248 352 2288; x_wconf 92' lang='lat' dir='ltr'><strong>et</strong></span> <span class='ocrx_word' id='word_1_117' title='bbox 384 2241 549 2288; x_wconf 87' lang='lat' dir='ltr'><strong>laboris</strong></span> <span class='ocrx_word' id='word_1_118' title='bbox 580 2247 940 2288; x_wconf 89' lang='lat' dir='ltr'><strong>consumserunt.</strong></span> <span class='ocrx_word' id='word_1_119' title='bbox 1010 2240 1320 2304; x_wconf 89' lang='lat' dir='ltr'><strong>Praeterquam</strong></span> <span class='ocrx_word' id='word_1_120' title='bbox 1353 2244 1495 2299; x_wconf 91' lang='lat' dir='ltr'><strong>enim,</strong></span> <span class='ocrx_word' id='word_1_121' title='bbox 1547 2241 1671 2304; x_wconf 94' lang='lat' dir='ltr'><strong>quod</strong></span> <span class='ocrx_word' id='word_1_122' title='bbox 1711 2244 1818 2305; x_wconf 89' lang='lat' dir='ltr'><strong>ipsis</strong></span> <span class='ocrx_word' id='word_1_123' title='bbox 1851 2246 2137 2306; x_wconf 87' lang='lat' dir='ltr'><strong>investigatio</strong></span> <span class='ocrx_word' id='word_1_124' title='bbox 2171 2247 2370 2291; x_wconf 83' lang='lat' dir='ltr'><strong>veritatis</strong></span> <span class='ocrx_word' id='word_1_125' title='bbox 2404 2259 2486 2306; x_wconf 90' lang='lat' dir='ltr'><strong>per</strong></span> <span class='ocrx_word' id='word_1_126' title='bbox 2518 2259 2566 2290; x_wconf 93' lang='lat' dir='ltr'><strong>se</strong></span> <span class='ocrx_word' id='word_1_127' title='bbox 2599 2241 2837 2289; x_wconf 88' lang='lat' dir='ltr'><strong>laudabilis</strong></span> 
     </span>
     <span class='ocr_line' id='line_1_14' title="bbox 134 2332 2836 2400; baseline -0.001 -18"><span class='ocrx_word' id='word_1_128' title='bbox 134 2341 269 2397; x_wconf 85' lang='lat' dir='ltr'><strong>atque</strong></span> <span class='ocrx_word' id='word_1_129' title='bbox 307 2333 503 2399; x_wconf 89' lang='lat' dir='ltr'><strong>humana</strong></span> <span class='ocrx_word' id='word_1_130' title='bbox 543 2335 801 2396; x_wconf 88' lang='lat' dir='ltr'><strong>cognitione</strong></span> <span class='ocrx_word' id='word_1_131' title='bbox 843 2332 982 2396; x_wconf 88' lang='lat' dir='ltr'><strong>digna</strong></span> <span class='ocrx_word' id='word_1_132' title='bbox 1024 2334 1274 2392; x_wconf 89' lang='lat' dir='ltr'><strong>videretur,</strong></span> <span class='ocrx_word' id='word_1_133' title='bbox 1327 2336 1468 2397; x_wconf 88' lang='lat' dir='ltr'><strong>probe</strong></span> <span class='ocrx_word' id='word_1_134' title='bbox 1512 2337 1645 2381; x_wconf 92' lang='lat' dir='ltr'><strong>etiam</strong></span> <span class='ocrx_word' id='word_1_135' title='bbox 1685 2344 1923 2383; x_wconf 90' lang='lat' dir='ltr'><strong>senserunt</strong></span> <span class='ocrx_word' id='word_1_136' title='bbox 1954 2337 2025 2384; x_wconf 93' lang='lat' dir='ltr'><strong>his</strong></span> <span class='ocrx_word' id='word_1_137' title='bbox 2060 2339 2196 2385; x_wconf 92' lang='lat' dir='ltr'><strong>rebus</strong></span> <span class='ocrx_word' id='word_1_138' title='bbox 2229 2340 2369 2400; x_wconf 90' lang='lat' dir='ltr'><strong>ipsam</strong></span> <span class='ocrx_word' id='word_1_139' title='bbox 2403 2343 2546 2383; x_wconf 88' lang='lat' dir='ltr'><strong>artem</strong></span> <span class='ocrx_word' id='word_1_140' title='bbox 2580 2333 2836 2381; x_wconf 90' lang='lat' dir='ltr'><strong>inveniendi</strong></span> 
     </span>
     <span class='ocr_line' id='line_1_15' title="bbox 134 2422 2834 2492; baseline -0.001 -17"><span class='ocrx_word' id='word_1_141' title='bbox 134 2429 299 2475; x_wconf 89' lang='lat' dir='ltr'><strong>mirum</strong></span> <span class='ocrx_word' id='word_1_142' title='bbox 347 2430 394 2474; x_wconf 90' lang='lat' dir='ltr'><strong>in</strong></span> <span class='ocrx_word' id='word_1_143' title='bbox 433 2426 619 2475; x_wconf 91' lang='lat' dir='ltr'><strong>modum</strong></span> <span class='ocrx_word' id='word_1_144' title='bbox 658 2422 944 2489; x_wconf 83' lang='lat' dir='ltr'><strong>amplificari,</strong></span> <span class='ocrx_word' id='word_1_145' title='bbox 996 2428 1245 2489; x_wconf 90' lang='lat' dir='ltr'><strong>mentisque</strong></span> <span class='ocrx_word' id='word_1_146' title='bbox 1284 2424 1526 2475; x_wconf 87' lang='lat' dir='ltr'><strong>facultates</strong></span> <span class='ocrx_word' id='word_1_147' title='bbox 1569 2427 1628 2475; x_wconf 91' lang='lat' dir='ltr'><strong>ad</strong></span> <span class='ocrx_word' id='word_1_148' title='bbox 1666 2430 1874 2490; x_wconf 89' lang='lat' dir='ltr'><strong>graviora</strong></span> <span class='ocrx_word' id='word_1_149' title='bbox 1923 2433 2106 2492; x_wconf 86' lang='lat' dir='ltr'><strong>negotia</strong></span> <span class='ocrx_word' id='word_1_150' title='bbox 2144 2430 2419 2492; x_wconf 89' lang='lat' dir='ltr'><strong>expedienda</strong></span> <span class='ocrx_word' id='word_1_151' title='bbox 2459 2431 2653 2492; x_wconf 88' lang='lat' dir='ltr'><strong>aptiores</strong></span> <span class='ocrx_word' id='word_1_152' title='bbox 2692 2427 2834 2475; x_wconf 88' lang='lat' dir='ltr'><strong>reddi.</strong></span> 
     </span>
     <span class='ocr_line' id='line_1_16' title="bbox 134 2518 2836 2593; baseline -0 -24"><span class='ocrx_word' id='word_1_153' title='bbox 134 2521 294 2584; x_wconf 85' lang='lat' dir='ltr'><strong>Neque</strong></span> <span class='ocrx_word' id='word_1_154' title='bbox 329 2522 466 2569; x_wconf 90' lang='lat' dir='ltr'><strong>etiam</strong></span> <span class='ocrx_word' id='word_1_155' title='bbox 495 2522 617 2583; x_wconf 89' lang='lat' dir='ltr'><strong>ipsos</strong></span> <span class='ocrx_word' id='word_1_156' title='bbox 649 2523 696 2567; x_wconf 94' lang='lat' dir='ltr'><strong>in</strong></span> <span class='ocrx_word' id='word_1_157' title='bbox 728 2520 816 2567; x_wconf 91' lang='lat' dir='ltr'><strong>hac</strong></span> <span class='ocrx_word' id='word_1_158' title='bbox 850 2522 1060 2583; x_wconf 91' lang='lat' dir='ltr'><strong>opinione</strong></span> <span class='ocrx_word' id='word_1_159' title='bbox 1095 2519 1310 2593; x_wconf 87' lang='lat' dir='ltr'><strong>deceptos</strong></span> <span class='ocrx_word' id='word_1_160' title='bbox 1343 2518 1504 2579; x_wconf 87' lang='lat' dir='ltr'><strong>fuisse,</strong></span> <span class='ocrx_word' id='word_1_161' title='bbox 1554 2537 1725 2569; x_wconf 88' lang='lat' dir='ltr'><strong>summa</strong></span> <span class='ocrx_word' id='word_1_162' title='bbox 1759 2525 2056 2582; x_wconf 88' lang='lat' dir='ltr'><strong>incrementa,</strong></span> <span class='ocrx_word' id='word_1_163' title='bbox 2099 2524 2262 2587; x_wconf 89' lang='lat' dir='ltr'><strong>quibus</strong></span> <span class='ocrx_word' id='word_1_164' title='bbox 2295 2522 2487 2582; x_wconf 82' lang='lat' dir='ltr'><strong>analysis</strong></span> <span class='ocrx_word' id='word_1_165' title='bbox 2520 2522 2576 2569; x_wconf 92' lang='lat' dir='ltr'><strong>ab</strong></span> <span class='ocrx_word' id='word_1_166' title='bbox 2612 2522 2683 2568; x_wconf 91' lang='lat' dir='ltr'><strong>his</strong></span> <span class='ocrx_word' id='word_1_167' title='bbox 2718 2529 2836 2568; x_wconf 91' lang='lat' dir='ltr'><strong>tem-</strong></span> 
     </span>
     <span class='ocr_line' id='line_1_17' title="bbox 134 2611 2837 2678; baseline -0.001 -15"><span class='ocrx_word' id='word_1_168' title='bbox 134 2615 319 2677; x_wconf 87' lang='lat' dir='ltr'><strong>poribus</strong></span> <span class='ocrx_word' id='word_1_169' title='bbox 352 2621 422 2662; x_wconf 93' lang='lat' dir='ltr'><strong>est</strong></span> <span class='ocrx_word' id='word_1_170' title='bbox 452 2613 749 2676; x_wconf 89' lang='lat' dir='ltr'><strong>locupletata,</strong></span> <span class='ocrx_word' id='word_1_171' title='bbox 783 2611 1021 2661; x_wconf 87' lang='lat' dir='ltr'><strong>manifesto</strong></span> <span class='ocrx_word' id='word_1_172' title='bbox 1056 2621 1303 2671; x_wconf 87' lang='lat' dir='ltr'><strong>testantur;</strong></span> <span class='ocrx_word' id='word_1_173' title='bbox 1339 2617 1523 2662; x_wconf 86' lang='lat' dir='ltr'><strong>maxime</strong></span> <span class='ocrx_word' id='word_1_174' title='bbox 1558 2618 1678 2663; x_wconf 91' lang='lat' dir='ltr'><strong>enim</strong></span> <span class='ocrx_word' id='word_1_175' title='bbox 1710 2619 1950 2664; x_wconf 86' lang='lat' dir='ltr'><strong>verisimile</strong></span> <span class='ocrx_word' id='word_1_176' title='bbox 1985 2617 2167 2665; x_wconf 89' lang='lat' dir='ltr'><strong>videtur</strong></span> <span class='ocrx_word' id='word_1_177' title='bbox 2200 2618 2317 2664; x_wconf 88' lang='lat' dir='ltr'><strong>hanc</strong></span> <span class='ocrx_word' id='word_1_178' title='bbox 2351 2618 2581 2663; x_wconf 87' lang='lat' dir='ltr'><strong>scientiam</strong></span> <span class='ocrx_word' id='word_1_179' title='bbox 2608 2630 2837 2678; x_wconf 90' lang='lat' dir='ltr'><strong>nunquam</strong></span> 
     </span>
     <span class='ocr_line' id='line_1_18' title="bbox 133 2686 2836 2772; baseline -0.002 -13"><span class='ocrx_word' id='word_1_180' title='bbox 133 2711 191 2759; x_wconf 91' lang='lat' dir='ltr'><strong>ad</strong></span> <span class='ocrx_word' id='word_1_181' title='bbox 223 2717 399 2757; x_wconf 89' lang='lat' dir='ltr'><strong>tantum</strong></span> <span class='ocrx_word' id='word_1_182' title='bbox 441 2706 731 2771; x_wconf 84' lang='lat' dir='ltr'><strong>perfectionis</strong></span> <span class='ocrx_word' id='word_1_183' title='bbox 765 2707 955 2769; x_wconf 88' lang='lat' dir='ltr'><strong>gradum</strong></span> <span class='ocrx_word' id='word_1_184' title='bbox 987 2686 1304 2770; x_wconf 85' lang='lat' dir='ltr'><strong>perventuram</strong></span> <span class='ocrx_word' id='word_1_185' title='bbox 1338 2706 1499 2766; x_wconf 81' lang='lat' dir='ltr'><strong>fuisse,</strong></span> <span class='ocrx_word' id='word_1_186' title='bbox 1536 2710 1619 2755; x_wconf 92' lang='lat' dir='ltr'><strong>nisi</strong></span> <span class='ocrx_word' id='word_1_187' title='bbox 1657 2708 1847 2756; x_wconf 86' lang='lat' dir='ltr'><strong>Veteres</strong></span> <span class='ocrx_word' id='word_1_188' title='bbox 1879 2716 2057 2756; x_wconf 88' lang='lat' dir='ltr'><strong>tantum</strong></span> <span class='ocrx_word' id='word_1_189' title='bbox 2090 2708 2288 2756; x_wconf 89' lang='lat' dir='ltr'><strong>studium</strong></span> <span class='ocrx_word' id='word_1_190' title='bbox 2322 2711 2368 2755; x_wconf 93' lang='lat' dir='ltr'><strong>in</strong></span> <span class='ocrx_word' id='word_1_191' title='bbox 2401 2708 2663 2772; x_wconf 92' lang='lat' dir='ltr'><strong>hujusmodi</strong></span> <span class='ocrx_word' id='word_1_192' title='bbox 2697 2722 2836 2769; x_wconf 89' lang='lat' dir='ltr'><strong>quae-</strong></span> 
     </span>
     <span class='ocr_line' id='line_1_19' title="bbox 135 2800 2834 2866; baseline -0.003 -14"><span class='ocrx_word' id='word_1_193' title='bbox 135 2804 355 2852; x_wconf 87' lang='lat' dir='ltr'><strong>stionibus</strong></span> <span class='ocrx_word' id='word_1_194' title='bbox 387 2800 672 2858; x_wconf 90' lang='lat' dir='ltr'><strong>evolvendis,</strong></span> <span class='ocrx_word' id='word_1_195' title='bbox 721 2816 837 2863; x_wconf 90' lang='lat' dir='ltr'><strong>quae</strong></span> <span class='ocrx_word' id='word_1_196' title='bbox 870 2801 1005 2848; x_wconf 90' lang='lat' dir='ltr'><strong>hodie</strong></span> <span class='ocrx_word' id='word_1_197' title='bbox 1039 2802 1099 2850; x_wconf 91' lang='lat' dir='ltr'><strong>ob</strong></span> <span class='ocrx_word' id='word_1_198' title='bbox 1139 2803 1422 2850; x_wconf 88' lang='lat' dir='ltr'><strong>sterilitatem</strong></span> <span class='ocrx_word' id='word_1_199' title='bbox 1461 2811 1700 2866; x_wconf 87' lang='lat' dir='ltr'><strong>tantopere</strong></span> <span class='ocrx_word' id='word_1_200' title='bbox 1735 2819 1761 2850; x_wconf 95' lang='lat' dir='ltr'><strong>a</strong></span> <span class='ocrx_word' id='word_1_201' title='bbox 1794 2804 2018 2866; x_wconf 91' lang='lat' dir='ltr'><strong>plerisque</strong></span> <span class='ocrx_word' id='word_1_202' title='bbox 2053 2810 2424 2859; x_wconf 89' lang='lat' dir='ltr'><strong>contemnuntur,</strong></span> <span class='ocrx_word' id='word_1_203' title='bbox 2476 2802 2834 2848; x_wconf 89' lang='lat' dir='ltr'><strong>collocavissent.</strong></span> 
     </span>
     <span class='ocr_line' id='line_1_20' title="bbox 135 2892 2833 2961; baseline -0.003 -15"><span class='ocrx_word' id='word_1_204' title='bbox 135 2899 341 2961; x_wconf 88' lang='lat' dir='ltr'><strong>Hincque</strong></span> <span class='ocrx_word' id='word_1_205' title='bbox 382 2912 438 2944; x_wconf 93' lang='lat' dir='ltr'><strong>eo</strong></span> <span class='ocrx_word' id='word_1_206' title='bbox 479 2898 627 2942; x_wconf 91' lang='lat' dir='ltr'><strong>minus</strong></span> <span class='ocrx_word' id='word_1_207' title='bbox 665 2894 873 2942; x_wconf 86' lang='lat' dir='ltr'><strong>dubitare</strong></span> <span class='ocrx_word' id='word_1_208' title='bbox 914 2896 1043 2955; x_wconf 87' lang='lat' dir='ltr'><strong>licet,</strong></span> <span class='ocrx_word' id='word_1_209' title='bbox 1094 2899 1205 2959; x_wconf 89' lang='lat' dir='ltr'><strong>quin</strong></span> <span class='ocrx_word' id='word_1_210' title='bbox 1244 2897 1316 2944; x_wconf 90' lang='lat' dir='ltr'><strong>his</strong></span> <span class='ocrx_word' id='word_1_211' title='bbox 1354 2897 1490 2945; x_wconf 88' lang='lat' dir='ltr'><strong>rebus</strong></span> <span class='ocrx_word' id='word_1_212' title='bbox 1530 2897 1723 2944; x_wconf 88' lang='lat' dir='ltr'><strong>ulterius</strong></span> <span class='ocrx_word' id='word_1_213' title='bbox 1761 2895 2026 2953; x_wconf 48' lang='lat' dir='ltr'><strong>excolendis„</strong></span> <span class='ocrx_word' id='word_1_214' title='bbox 2051 2897 2185 2942; x_wconf 88' lang='lat' dir='ltr'><strong>etiam</strong></span> <span class='ocrx_word' id='word_1_215' title='bbox 2222 2897 2265 2940; x_wconf 93' lang='lat' dir='ltr'><strong>in</strong></span> <span class='ocrx_word' id='word_1_216' title='bbox 2300 2901 2530 2956; x_wconf 90' lang='lat' dir='ltr'><strong>posterum</strong></span> <span class='ocrx_word' id='word_1_217' title='bbox 2563 2892 2728 2952; x_wconf 82' lang='lat' dir='ltr'><strong>analysi</strong></span> <span class='ocrx_word' id='word_1_218' title='bbox 2763 2894 2833 2938; x_wconf 91' lang='lat' dir='ltr'><strong>in-</strong></span> 
     </span>
     <span class='ocr_line' id='line_1_21' title="bbox 137 2985 881 3055; baseline -0.008 -16"><span class='ocrx_word' id='word_1_219' title='bbox 137 2993 282 3055; x_wconf 89' lang='lat' dir='ltr'><strong>signia</strong></span> <span class='ocrx_word' id='word_1_220' title='bbox 314 2992 586 3038; x_wconf 88' lang='lat' dir='ltr'><strong>incrementa</strong></span> <span class='ocrx_word' id='word_1_221' title='bbox 619 2985 881 3035; x_wconf 87' lang='lat' dir='ltr'><strong>afferantur.</strong></span> 
     </span>
    </p>

    <p class='ocr_par' dir='ltr' id='par_1_7' title="bbox 135 3077 2837 4085">
     <span class='ocr_line' id='line_1_22' title="bbox 217 3077 2835 3151; baseline -0.003 -20"><span class='ocrx_word' id='word_1_222' title='bbox 217 3098 219 3101; x_wconf 57' lang='lat'><em>⁴</em></span> <span class='ocrx_word' id='word_1_223' title='bbox 264 3083 294 3151; x_wconf 82' lang='lat'>§</span> <span class='ocrx_word' id='word_1_224' title='bbox 327 3087 373 3131; x_wconf 80' lang='lat'><strong>2.</strong></span> <span class='ocrx_word' id='word_1_225' title='bbox 433 3083 768 3146; x_wconf 87' lang='lat' dir='ltr'><strong>Antiquissimis</strong></span> <span class='ocrx_word' id='word_1_226' title='bbox 796 3082 892 3145; x_wconf 87' lang='lat' dir='ltr'><strong>jam</strong></span> <span class='ocrx_word' id='word_1_227' title='bbox 927 3083 1201 3145; x_wconf 86' lang='lat' dir='ltr'><strong>temporibus</strong></span> <span class='ocrx_word' id='word_1_228' title='bbox 1234 3082 1501 3130; x_wconf 87' lang='lat' dir='ltr'><strong>Euclides</strong></span> <span class='ocrx_word' id='word_1_229' title='bbox 1531 3083 1695 3130; x_wconf 84' lang='lat' dir='ltr'><strong>multas</strong></span> <span class='ocrx_word' id='word_1_230' title='bbox 1720 3082 1971 3145; x_wconf 88' lang='lat' dir='ltr'><strong>praeclaras</strong></span> <span class='ocrx_word' id='word_1_231' title='bbox 1996 3095 2287 3128; x_wconf 87' lang='lat' dir='ltr'><strong>numerorum</strong></span> <span class='ocrx_word' id='word_1_232' title='bbox 2311 3081 2608 3142; x_wconf 87' lang='lat' dir='ltr'><strong>proprietates</strong></span> <span class='ocrx_word' id='word_1_233' title='bbox 2635 3077 2835 3139; x_wconf 80' lang='lat' dir='ltr'><strong>collegit,</strong></span> 
     </span>
     <span class='ocr_line' id='line_1_23' title="bbox 136 3171 2837 3241; baseline -0.003 -15"><span class='ocrx_word' id='word_1_234' title='bbox 136 3193 374 3241; x_wconf 88' lang='lat' dir='ltr'><strong>veramque</strong></span> <span class='ocrx_word' id='word_1_235' title='bbox 409 3179 630 3225; x_wconf 89' lang='lat' dir='ltr'><strong>rationem</strong></span> <span class='ocrx_word' id='word_1_236' title='bbox 662 3191 875 3224; x_wconf 88' lang='lat' dir='ltr'><strong>numeros</strong></span> <span class='ocrx_word' id='word_1_237' title='bbox 909 3174 1134 3238; x_wconf 86' lang='lat' dir='ltr'><strong>perfectos</strong></span> <span class='ocrx_word' id='word_1_238' title='bbox 1168 3175 1423 3224; x_wconf 87' lang='lat' dir='ltr'><strong>inveniendi</strong></span> <span class='ocrx_word' id='word_1_239' title='bbox 1455 3176 1661 3235; x_wconf 88' lang='lat' dir='ltr'><strong>tradidit,</strong></span> <span class='ocrx_word' id='word_1_240' title='bbox 1697 3184 1749 3223; x_wconf 89' lang='lat' dir='ltr'><strong>ut</strong></span> <span class='ocrx_word' id='word_1_241' title='bbox 1781 3178 1947 3223; x_wconf 89' lang='lat' dir='ltr'><strong>mirum</strong></span> <span class='ocrx_word' id='word_1_242' title='bbox 1980 3176 2058 3232; x_wconf 89' lang='lat' dir='ltr'><strong>sit,</strong></span> <span class='ocrx_word' id='word_1_243' title='bbox 2093 3175 2243 3237; x_wconf 87' lang='lat' dir='ltr'><strong>plures</strong></span> <span class='ocrx_word' id='word_1_244' title='bbox 2279 3175 2554 3220; x_wconf 87' lang='lat' dir='ltr'><strong>recentiores</strong></span> <span class='ocrx_word' id='word_1_245' title='bbox 2589 3171 2837 3218; x_wconf 89' lang='lat' dir='ltr'><strong>mathema-</strong></span> 
     </span>
     <span class='ocr_line' id='line_1_24' title="bbox 135 3267 2833 3332; baseline -0.004 -14"><span class='ocrx_word' id='word_1_246' title='bbox 135 3273 254 3318; x_wconf 88' lang='lat' dir='ltr'><strong>ticos</strong></span> <span class='ocrx_word' id='word_1_247' title='bbox 287 3273 334 3318; x_wconf 91' lang='lat' dir='ltr'><strong>in</strong></span> <span class='ocrx_word' id='word_1_248' title='bbox 366 3270 458 3318; x_wconf 85' lang='lat' dir='ltr'><strong>hoc</strong></span> <span class='ocrx_word' id='word_1_249' title='bbox 491 3285 655 3332; x_wconf 85' lang='lat' dir='ltr'><strong>genere</strong></span> <span class='ocrx_word' id='word_1_250' title='bbox 688 3277 781 3316; x_wconf 92' lang='lat' dir='ltr'><strong>tam</strong></span> <span class='ocrx_word' id='word_1_251' title='bbox 807 3271 966 3316; x_wconf 91' lang='lat' dir='ltr'><strong>misere</strong></span> <span class='ocrx_word' id='word_1_252' title='bbox 994 3285 1089 3317; x_wconf 88' lang='lat' dir='ltr'><strong>esse</strong></span> <span class='ocrx_word' id='word_1_253' title='bbox 1114 3270 1431 3318; x_wconf 85' lang='lat' dir='ltr'><strong>hallucinatos.</strong></span> <span class='ocrx_word' id='word_1_254' title='bbox 1467 3271 1529 3317; x_wconf 88' lang='lat' dir='ltr'><strong>Ex</strong></span> <span class='ocrx_word' id='word_1_255' title='bbox 1554 3270 1855 3332; x_wconf 91' lang='lat' dir='ltr'><strong>Diophanti</strong></span> <span class='ocrx_word' id='word_1_256' title='bbox 1879 3276 2029 3316; x_wconf 86' lang='lat' dir='ltr'><strong>autem</strong></span> <span class='ocrx_word' id='word_1_257' title='bbox 2054 3267 2333 3329; x_wconf 90' lang='lat' dir='ltr'><strong>temporibus</strong></span> <span class='ocrx_word' id='word_1_258' title='bbox 2356 3267 2611 3314; x_wconf 87' lang='lat' dir='ltr'><strong>luculenter</strong></span> <span class='ocrx_word' id='word_1_259' title='bbox 2637 3271 2833 3326; x_wconf 87' lang='lat' dir='ltr'><strong>apparet,</strong></span> 
     </span>
     <span class='ocr_line' id='line_1_25' title="bbox 136 3356 2833 3426; baseline -0.005 -13"><span class='ocrx_word' id='word_1_260' title='bbox 136 3372 230 3413; x_wconf 89' lang='lat' dir='ltr'><strong>tam</strong></span> <span class='ocrx_word' id='word_1_261' title='bbox 279 3362 473 3411; x_wconf 89' lang='lat' dir='ltr'><strong>Graecos</strong></span> <span class='ocrx_word' id='word_1_262' title='bbox 513 3378 648 3426; x_wconf 90' lang='lat' dir='ltr'><strong>quam</strong></span> <span class='ocrx_word' id='word_1_263' title='bbox 680 3363 853 3410; x_wconf 88' lang='lat' dir='ltr'><strong>Arabes</strong></span> <span class='ocrx_word' id='word_1_264' title='bbox 894 3364 1134 3426; x_wconf 91' lang='lat' dir='ltr'><strong>plurimum</strong></span> <span class='ocrx_word' id='word_1_265' title='bbox 1175 3365 1314 3413; x_wconf 87' lang='lat' dir='ltr'><strong>studii</strong></span> <span class='ocrx_word' id='word_1_266' title='bbox 1353 3368 1401 3412; x_wconf 93' lang='lat' dir='ltr'><strong>in</strong></span> <span class='ocrx_word' id='word_1_267' title='bbox 1440 3380 1733 3413; x_wconf 90' lang='lat' dir='ltr'><strong>numerorum</strong></span> <span class='ocrx_word' id='word_1_268' title='bbox 1771 3363 1978 3412; x_wconf 88' lang='lat' dir='ltr'><strong>doctrina</strong></span> <span class='ocrx_word' id='word_1_269' title='bbox 2011 3361 2255 3409; x_wconf 83' lang='lat' dir='ltr'><strong>excolenda</strong></span> <span class='ocrx_word' id='word_1_270' title='bbox 2290 3363 2512 3423; x_wconf 90' lang='lat' dir='ltr'><strong>posuisse:</strong></span> <span class='ocrx_word' id='word_1_271' title='bbox 2562 3357 2685 3420; x_wconf 89' lang='lat' dir='ltr'><strong>quod</strong></span> <span class='ocrx_word' id='word_1_272' title='bbox 2718 3356 2833 3402; x_wconf 90' lang='lat' dir='ltr'><strong>idem</strong></span> 
     </span>
     <span class='ocr_line' id='line_1_26' title="bbox 138 3448 2834 3521; baseline -0.004 -15"><span class='ocrx_word' id='word_1_273' title='bbox 138 3461 398 3507; x_wconf 89' lang='lat' dir='ltr'><strong>institutum</strong></span> <span class='ocrx_word' id='word_1_274' title='bbox 437 3464 540 3520; x_wconf 89' lang='lat' dir='ltr'><strong>post</strong></span> <span class='ocrx_word' id='word_1_275' title='bbox 572 3463 870 3505; x_wconf 88' lang='lat' dir='ltr'><strong>restauratum</strong></span> <span class='ocrx_word' id='word_1_276' title='bbox 904 3460 951 3504; x_wconf 88' lang='lat' dir='ltr'><strong>in</strong></span> <span class='ocrx_word' id='word_1_277' title='bbox 986 3458 1162 3521; x_wconf 90' lang='lat' dir='ltr'><strong>Europa</strong></span> <span class='ocrx_word' id='word_1_278' title='bbox 1204 3460 1456 3507; x_wconf 89' lang='lat' dir='ltr'><strong>litterarum</strong></span> <span class='ocrx_word' id='word_1_279' title='bbox 1489 3459 1686 3506; x_wconf 89' lang='lat' dir='ltr'><strong>studium</strong></span> <span class='ocrx_word' id='word_1_280' title='bbox 1721 3459 1851 3521; x_wconf 88' lang='lat' dir='ltr'><strong>primi</strong></span> <span class='ocrx_word' id='word_1_281' title='bbox 1893 3457 2147 3504; x_wconf 88' lang='lat' dir='ltr'><strong>matheseos</strong></span> <span class='ocrx_word' id='word_1_282' title='bbox 2182 3456 2380 3502; x_wconf 88' lang='lat' dir='ltr'><strong>cultores</strong></span> <span class='ocrx_word' id='word_1_283' title='bbox 2412 3466 2582 3499; x_wconf 89' lang='lat' dir='ltr'><strong>summa</strong></span> <span class='ocrx_word' id='word_1_284' title='bbox 2617 3448 2834 3496; x_wconf 86' lang='lat' dir='ltr'><strong>industria</strong></span> 
     </span>
     <span class='ocr_line' id='line_1_27' title="bbox 137 3531 2834 3615; baseline -0.004 -15"><span class='ocrx_word' id='word_1_285' title='bbox 137 3560 245 3601; x_wconf 90' lang='lat' dir='ltr'><strong>sunt</strong></span> <span class='ocrx_word' id='word_1_286' title='bbox 284 3552 534 3614; x_wconf 90' lang='lat' dir='ltr'><strong>prosecuti;</strong></span> <span class='ocrx_word' id='word_1_287' title='bbox 586 3531 764 3612; x_wconf 85' lang='lat' dir='ltr'><strong>hocque</strong></span> <span class='ocrx_word' id='word_1_288' title='bbox 807 3552 902 3612; x_wconf 87' lang='lat' dir='ltr'><strong>ipso</strong></span> <span class='ocrx_word' id='word_1_289' title='bbox 942 3553 1056 3598; x_wconf 89' lang='lat' dir='ltr'><strong>viam</strong></span> <span class='ocrx_word' id='word_1_290' title='bbox 1089 3551 1148 3599; x_wconf 90' lang='lat' dir='ltr'><strong>ad</strong></span> <span class='ocrx_word' id='word_1_291' title='bbox 1180 3553 1362 3600; x_wconf 88' lang='lat' dir='ltr'><strong>altiores</strong></span> <span class='ocrx_word' id='word_1_292' title='bbox 1393 3554 1759 3615; x_wconf 85' lang='lat' dir='ltr'><strong>investigationes</strong></span> <span class='ocrx_word' id='word_1_293' title='bbox 1792 3556 2183 3614; x_wconf 87' lang='lat' dir='ltr'><strong>praeparaverunt.</strong></span> <span class='ocrx_word' id='word_1_294' title='bbox 2252 3548 2536 3594; x_wconf 89' lang='lat' dir='ltr'><strong>Cartesius</strong></span> <span class='ocrx_word' id='word_1_295' title='bbox 2566 3551 2711 3596; x_wconf 88' lang='lat' dir='ltr'><strong>certe,</strong></span> <span class='ocrx_word' id='word_1_296' title='bbox 2762 3545 2834 3590; x_wconf 90' lang='lat' dir='ltr'><strong>cui</strong></span> 
     </span>
     <span class='ocr_line' id='line_1_28' title="bbox 138 3619 2833 3708; baseline -0.004 -15"><span class='ocrx_word' id='word_1_297' title='bbox 138 3646 374 3708; x_wconf 89' lang='lat' dir='ltr'><strong>praecipue</strong></span> <span class='ocrx_word' id='word_1_298' title='bbox 409 3651 559 3707; x_wconf 88' lang='lat' dir='ltr'><strong>partes</strong></span> <span class='ocrx_word' id='word_1_299' title='bbox 591 3650 823 3705; x_wconf 61' lang='lat' dir='ltr'><strong>promotae</strong></span> <span class='ocrx_word' id='word_1_300' title='bbox 857 3645 1088 3705; x_wconf 83' lang='lat' dir='ltr'><strong>analyseos</strong></span> <span class='ocrx_word' id='word_1_301' title='bbox 1120 3647 1281 3693; x_wconf 89' lang='lat' dir='ltr'><strong>merito</strong></span> <span class='ocrx_word' id='word_1_302' title='bbox 1316 3645 1560 3703; x_wconf 87' lang='lat' dir='ltr'><strong>debentur,</strong></span> <span class='ocrx_word' id='word_1_303' title='bbox 1595 3647 1926 3708; x_wconf 86' lang='lat' dir='ltr'><strong>speculationes</strong></span> <span class='ocrx_word' id='word_1_304' title='bbox 1959 3644 2210 3690; x_wconf 91' lang='lat' dir='ltr'><strong>numericas</strong></span> <span class='ocrx_word' id='word_1_305' title='bbox 2243 3642 2422 3686; x_wconf 90' lang='lat' dir='ltr'><strong>minime</strong></span> <span class='ocrx_word' id='word_1_306' title='bbox 2442 3619 2524 3686; x_wconf 76' lang='lat' dir='ltr'><strong>¹est</strong></span> <span class='ocrx_word' id='word_1_307' title='bbox 2557 3644 2833 3700; x_wconf 81' lang='lat' dir='ltr'><strong>aspernatus,</strong></span> 
     </span>
     <span class='ocr_line' id='line_1_29' title="bbox 137 3733 2836 3802; baseline -0.004 -15"><span class='ocrx_word' id='word_1_308' title='bbox 137 3746 275 3802; x_wconf 87' lang='lat' dir='ltr'><strong>atque</strong></span> <span class='ocrx_word' id='word_1_309' title='bbox 309 3738 453 3786; x_wconf 90' lang='lat' dir='ltr'><strong>multo</strong></span> <span class='ocrx_word' id='word_1_310' title='bbox 487 3739 631 3799; x_wconf 88' lang='lat' dir='ltr'><strong>magis</strong></span> <span class='ocrx_word' id='word_1_311' title='bbox 663 3738 708 3783; x_wconf 93' lang='lat' dir='ltr'><strong>in</strong></span> <span class='ocrx_word' id='word_1_312' title='bbox 743 3736 830 3784; x_wconf 90' lang='lat' dir='ltr'><strong>hoc</strong></span> <span class='ocrx_word' id='word_1_313' title='bbox 862 3739 1048 3799; x_wconf 88' lang='lat' dir='ltr'><strong>negotio</strong></span> <span class='ocrx_word' id='word_1_314' title='bbox 1082 3739 1424 3787; x_wconf 87' lang='lat' dir='ltr'><strong>elaboraverunt</strong></span> <span class='ocrx_word' id='word_1_315' title='bbox 1455 3739 1762 3786; x_wconf 87' lang='lat' dir='ltr'><strong>Fermatius</strong></span> <span class='ocrx_word' id='word_1_316' title='bbox 1795 3746 1842 3785; x_wconf 89' lang='lat' dir='ltr'><strong>et</strong></span> <span class='ocrx_word' id='word_1_317' title='bbox 1875 3737 1974 3784; x_wconf 89' lang='lat' dir='ltr'><strong>Fre</strong></span> <span class='ocrx_word' id='word_1_318' title='bbox 1986 3736 2209 3791; x_wconf 92' lang='lat' dir='ltr'><strong>niclius‚</strong></span> <span class='ocrx_word' id='word_1_319' title='bbox 2253 3735 2327 3796; x_wconf 91' lang='lat' dir='ltr'><strong>qui</strong></span> <span class='ocrx_word' id='word_1_320' title='bbox 2361 3735 2494 3779; x_wconf 90' lang='lat' dir='ltr'><strong>etiam</strong></span> <span class='ocrx_word' id='word_1_321' title='bbox 2527 3733 2836 3779; x_wconf 86' lang='lat' dir='ltr'><strong>acutissimum</strong></span> 
     </span>
     <span class='ocr_line' id='line_1_30' title="bbox 141 3826 2834 3894; baseline -0.004 -13"><span class='ocrx_word' id='word_1_322' title='bbox 141 3833 505 3881; x_wconf 84' lang='lat' dir='ltr'><strong>mathematicum</strong></span> <span class='ocrx_word' id='word_1_323' title='bbox 539 3831 857 3879; x_wconf 88' lang='lat' dir='ltr'><strong>Wallisium</strong></span> <span class='ocrx_word' id='word_1_324' title='bbox 893 3832 1018 3894; x_wconf 90' lang='lat' dir='ltr'><strong>quasi</strong></span> <span class='ocrx_word' id='word_1_325' title='bbox 1052 3832 1238 3878; x_wconf 88' lang='lat' dir='ltr'><strong>invitum</strong></span> <span class='ocrx_word' id='word_1_326' title='bbox 1269 3831 1328 3879; x_wconf 86' lang='lat' dir='ltr'><strong>ad</strong></span> <span class='ocrx_word' id='word_1_327' title='bbox 1361 3833 1451 3880; x_wconf 90' lang='lat' dir='ltr'><strong>hoc</strong></span> <span class='ocrx_word' id='word_1_328' title='bbox 1484 3831 1683 3880; x_wconf 88' lang='lat' dir='ltr'><strong>studium</strong></span> <span class='ocrx_word' id='word_1_329' title='bbox 1717 3833 2045 3884; x_wconf 84' lang='lat' dir='ltr'><strong>excitaverunt,</strong></span> <span class='ocrx_word' id='word_1_330' title='bbox 2081 3826 2457 3890; x_wconf 90' lang='lat' dir='ltr'><strong>quemadmodum</strong></span> <span class='ocrx_word' id='word_1_331' title='bbox 2490 3842 2542 3873; x_wconf 87' lang='lat' dir='ltr'><strong>ex</strong></span> <span class='ocrx_word' id='word_1_332' title='bbox 2566 3826 2834 3873; x_wconf 88' lang='lat' dir='ltr'><strong>commercio</strong></span> 
     </span>
     <span class='ocr_line' id='line_1_31' title="bbox 140 3918 2830 3990; baseline -0.005 -16"><span class='ocrx_word' id='word_1_333' title='bbox 140 3927 396 3990; x_wconf 88' lang='lat' dir='ltr'><strong>epistolico,</strong></span> <span class='ocrx_word' id='word_1_334' title='bbox 432 3925 631 3973; x_wconf 89' lang='lat' dir='ltr'><strong>secundo</strong></span> <span class='ocrx_word' id='word_1_335' title='bbox 670 3925 767 3988; x_wconf 83' lang='lat' dir='ltr'><strong>ejus</strong></span> <span class='ocrx_word' id='word_1_336' title='bbox 802 3938 987 3987; x_wconf 84' lang='lat' dir='ltr'><strong>operum</strong></span> <span class='ocrx_word' id='word_1_337' title='bbox 1026 3931 1150 3972; x_wconf 92' lang='lat' dir='ltr'><strong>tomo</strong></span> <span class='ocrx_word' id='word_1_338' title='bbox 1184 3926 1368 3982; x_wconf 88' lang='lat' dir='ltr'><strong>inserto,</strong></span> <span class='ocrx_word' id='word_1_339' title='bbox 1404 3924 1582 3973; x_wconf 90' lang='lat' dir='ltr'><strong>ahunde</strong></span> <span class='ocrx_word' id='word_1_340' title='bbox 1609 3925 1859 3986; x_wconf 89' lang='lat' dir='ltr'><strong>perspicere</strong></span> <span class='ocrx_word' id='word_1_341' title='bbox 1886 3923 2007 3969; x_wconf 83' lang='lat' dir='ltr'><strong>licet.</strong></span> <span class='ocrx_word' id='word_1_342' title='bbox 2041 3921 2164 3968; x_wconf 86' lang='lat' dir='ltr'><strong>Inter</strong></span> <span class='ocrx_word' id='word_1_343' title='bbox 2188 3936 2267 3968; x_wconf 92' lang='lat' dir='ltr'><strong>eos</strong></span> <span class='ocrx_word' id='word_1_344' title='bbox 2294 3936 2403 3968; x_wconf 87' lang='lat' dir='ltr'><strong>vero</strong></span> <span class='ocrx_word' id='word_1_345' title='bbox 2429 3922 2575 3983; x_wconf 91' lang='lat' dir='ltr'><strong>quiin</strong></span> <span class='ocrx_word' id='word_1_346' title='bbox 2601 3918 2830 3967; x_wconf 84' lang='lat' dir='ltr'><strong>Germania</strong></span> 
     </span>
     <span class='ocr_line' id='line_1_32' title="bbox 140 4011 2827 4085; baseline -0.006 -15"><span class='ocrx_word' id='word_1_347' title='bbox 140 4038 235 4070; x_wconf 87' lang='lat' dir='ltr'><strong>sese</strong></span> <span class='ocrx_word' id='word_1_348' title='bbox 276 4023 419 4085; x_wconf 88' lang='lat' dir='ltr'><strong>primo</strong></span> <span class='ocrx_word' id='word_1_349' title='bbox 461 4019 519 4067; x_wconf 89' lang='lat' dir='ltr'><strong>ad</strong></span> <span class='ocrx_word' id='word_1_350' title='bbox 561 4020 787 4082; x_wconf 87' lang='lat' dir='ltr'><strong>algebram</strong></span> <span class='ocrx_word' id='word_1_351' title='bbox 824 4020 1153 4084; x_wconf 87' lang='lat' dir='ltr'><strong>applicuerunt,</strong></span> <span class='ocrx_word' id='word_1_352' title='bbox 1204 4018 1442 4083; x_wconf 80' lang='lat' dir='ltr'><strong>Micha‘el</strong></span> <span class='ocrx_word' id='word_1_353' title='bbox 1484 4015 1654 4066; x_wconf 84' lang='lat' dir='ltr'><strong>Stifel</strong></span> <span class='ocrx_word' id='word_1_354' title='bbox 1690 4018 1904 4080; x_wconf 90' lang='lat' dir='ltr'><strong>imprimis</strong></span> <span class='ocrx_word' id='word_1_355' title='bbox 1942 4031 2151 4079; x_wconf 87' lang='lat' dir='ltr'><strong>magnam</strong></span> <span class='ocrx_word' id='word_1_356' title='bbox 2189 4014 2367 4063; x_wconf 83' lang='lat' dir='ltr'><strong>laudem</strong></span> <span class='ocrx_word' id='word_1_357' title='bbox 2399 4021 2469 4062; x_wconf 89' lang='lat' dir='ltr'><strong>est</strong></span> <span class='ocrx_word' id='word_1_358' title='bbox 2499 4013 2709 4075; x_wconf 79' lang='lat' dir='ltr'><strong>adeptus,</strong></span> <span class='ocrx_word' id='word_1_359' title='bbox 2754 4011 2827 4071; x_wconf 91' lang='lat' dir='ltr'><strong>qui</strong></span> 
     </span>
    </p>
   </div>
  </div>
 </body>
</html>
