3080 4562
898 299 1142 351 Tractatus
1178 300 1235 350 de
1271 317 1577 351 numerorum
1615 301 1835 352 doctrina
1881 299 1998 371 Cap.
2049 298 2090 351 1.
2617 284 2620 287 ¹
2797 305 2829 355 5

266 441 346 488 27.
414 442 617 505 Multipla
653 457 766 505 ergo
802 444 934 491 nohis
956 450 1092 490 erunt
1124 443 1345 506 ejusmodi
1380 446 1579 496 numeri,
1613 446 1690 505 qui
1726 444 1974 507 cujuspiam
2012 446 2209 502 numeri,
2245 453 2424 507 praeter
2449 449 2689 504 unitatem,
2725 457 2830 495 sunt

139 536 341 599 multipla
377 535 575 598 (excluso
601 537 802 599 simplo),
840 537 1113 585 constabunt
1147 551 1260 598 ergo
1294 537 1473 584 duobus
1497 535 1766 593 factoribuS,
1801 553 1996 599 quorum
2020 539 2136 586 alter
2168 540 2354 586 alterius
2378 548 2588 602 respectu
2619 547 2830 604 tanquam

139 628 271 676 index
302 632 509 692 spectari·
529 637 690 692 potest.

251 717 348 770 ³28.
416 723 603 773 Factum
638 740 749 787 ergo
783 726 862 782 ab,
916 725 1048 788 cujus
1081 722 1279 771 factores
1313 731 1420 771 sunt
1453 739 1482 770 a
1515 731 1562 770 et
1597 725 1646 780 b,
1690 732 1760 771 est
1792 725 2048 787 multiplum
2082 733 2174 772 tam
2208 729 2348 789 ipsius
2381 743 2409 774 α
2443 743 2577 790 quam
2611 730 2750 790 ipsius
2785 730 2827 774 b.

139 815 372 872 Quatenus
405 825 473 863 est
507 818 762 880 multiplum
795 821 930 881 ipsius
964 834 1018 875 a,
1060 818 1192 864 index
1227 826 1295 865 est
1328 818 1381 875 b,
1422 825 1643 880 quatenus
1676 825 1828 864 autem
1862 825 1931 864 est
1964 819 2218 881 multiplum
2253 822 2390 882 ipsius
2422 822 2475 878 b,
2519 821 2649 868 index
2684 830 2752 869 est
2786 839 2828 868 α.

270 912 350 957 29.
419 911 624 973 Multipla
667 911 805 974 hujus
848 910 959 959 sacti
993 914 1052 958 ab
1086 913 1218 959 simul
1252 919 1385 958 erunt
1423 912 1626 973 multipla
1661 919 1752 957 tam
1788 914 1927 973 ipsius
1960 926 2014 967 a,
2063 928 2195 974 quam
2231 916 2368 974 ipsius
2404 915 2445 962 b.
2513 915 2582 961 Sit
2615 917 2703 962 nab
2737 917 2828 962 tale

138 1003 417 1066 multiplum,
468 1005 599 1068 cujus
631 1004 762 1051 index
796 1007 856 1052 sit
889 1022 945 1064 n,
998 1014 1044 1054 et
1077 1008 1179 1069 quia
1214 1008 1344 1052 ctiam
1381 1012 1451 1052 est
1485 1005 1741 1067 multiplum
1775 1007 1916 1067 ipsius
1951 1021 2004 1062 n,
2058 1008 2144 1051 erit
2183 1007 2439 1068 multiplum
2476 1009 2828 1071 uniuscujusque

140 1095 304 1144 horum
337 1113 628 1145 numerorum
662 1114 714 1155 n,
751 1114 778 1146 a
814 1107 859 1146 et
894 1100 935 1147 b.

272 1207 348 1252 30.
418 1205 532 1252 Hinc
566 1214 692 1269 patet
726 1210 860 1254 etiam
886 1210 930 1254 in
965 1205 1087 1261 facto
1114 1223 1166 1254 ex
1200 1207 1347 1255 tribus
1373 1206 1620 1255 factoribus
1642 1214 1901 1264 constante,
1937 1214 2030 1254 tres
2063 1205 2258 1254 factores
2291 1210 2409 1255 inter
2442 1225 2488 1256 se
2522 1225 2618 1255 esse
2654 1225 2832 1271 permu-

137 1298 319 1355 tabileS‚
355 1306 489 1361 atque
524 1301 612 1347 tale
647 1299 816 1349 sactum
851 1302 936 1349 abc
962 1318 1055 1349 non
1081 1302 1227 1349 solum
1256 1317 1353 1348 esse
1382 1302 1636 1363 multiplum
1664 1302 1948 1361 singulorum
1982 1316 2032 1358 a,
2068 1302 2117 1359 b,
2155 1317 2199 1358 c,
2240 1302 2319 1349 sed
2358 1305 2488 1349 etiam
2522 1300 2747 1350 factorum
2782 1319 2832 1349 ex

137 1391 254 1438 binis
288 1393 368 1450 ab,
403 1408 478 1448 ac,
512 1394 579 1440 bc.

150 1464 154 1468 .
272 1487 348 1533 31.
419 1488 466 1535 Si
502 1490 546 1534 in
580 1490 694 1535 serie
730 1505 1018 1560 numerorum
1061 1495 1101 1549 1,
1137 1493 1186 1548 2,
1222 1493 1266 1547 3,
1302 1494 1346 1548 4,
1385 1492 1427 1546 5,
1465 1491 1509 1546 6,
1548 1492 1591 1545 7,
1628 1495 1712 1535 etc.
1750 1491 1898 1535 omnia
1928 1489 2131 1552 multipla
2168 1490 2425 1547 deleantur,
2463 1492 2622 1553 reliqui
2657 1493 2832 1536 numeri

140 1595 232 1627 non
266 1588 399 1628 erunt
431 1582 637 1645 multipla
663 1584 804 1630 ullius
827 1587 1001 1631 numeri
1030 1583 1418 1647 (quandoquidem
1451 1584 1607 1646 simpla
1639 1582 1953 1646 excludimus),
1991 1583 2127 1646 hique
2157 1587 2328 1632 numeri
2352 1593 2570 1632 vocantur
2601 1587 2832 1647 simplices,

139 1674 210 1720 vel
238 1678 390 1737 primi.

273 1786 351 1832 32.
421 1786 592 1833 Deletis
625 1787 797 1834 scilicet
831 1787 1046 1849 multiplis
1079 1787 1235 1834 binarii
1281 1790 1324 1844 4,
1362 1789 1407 1844 6,
1443 1787 1488 1843 8,
1529 1789 1603 1842 10,
1643 1789 1718 1843 12,
1754 1793 1841 1833 etc.
1885 1794 2025 1833 restat
2058 1786 2171 1834 haec
2205 1790 2341 1834 series
2381 1793 2422 1845 1,
2459 1790 2504 1845 2,
2541 1790 2585 1844 3,
2624 1790 2669 1842 5,
2706 1789 2750 1842 7,
2787 1789 2833 1841 9,

146 1867 239 1935 11,
270 1880 344 1935 13,
385 1882 457 1937 15,
499 1882 571 1937 17,
613 1883 685 1937 19,
722 1883 801 1937 21,
836 1888 948 1936 etc.;
980 1881 1089 1928 hinc
1130 1897 1270 1943 porro
1311 1883 1632 1942 extinguantur
1670 1881 1872 1942 multipla
1908 1883 2089 1927 ternarii
2127 1883 2170 1938 6,
2207 1885 2251 1938 9,
2293 1885 2370 1939 12,
2409 1884 2482 1938 15,
2524 1883 2597 1937 18,
2630 1883 2709 1937 21,
2743 1887 2831 1926 etc.

140 1987 256 2033 quae
306 1973 484 2035 quidem
536 1974 688 2020 adhuc
738 1973 928 2039 adsunt,
980 1982 1028 2020 et
1078 1982 1220 2021 restat
1272 1978 1315 2026 1,
1349 1977 1394 2031 2,
1432 1977 1475 2031 3,
1515 1978 1556 2030 5,
1596 1978 1640 2030 7,
1682 1979 1754 2030 11,
1797 1977 1870 2031 13,
1910 1977 1983 2031 17,
2026 1977 2099 2030 19,
2132 1977 2210 2030 23,
2246 1982 2358 2033 etc.;
2410 1977 2471 2020 ita
2522 1976 2833 2035 relinquentur

139 2068 319 2116 tandem
355 2070 530 2115 numeri
565 2070 695 2130 primi
736 2074 777 2125 1,
810 2070 858 2124 2,
894 2071 938 2126 3,
977 2071 1020 2126 5,
1060 2071 1104 2125 7,
1145 2070 1332 2126 11,·13,
1374 2070 1448 2124 17,
1490 2069 1562 2124 19,
1598 2069 1676 2125 23,
1713 2068 1790 2123 29,
1829 2070 1906 2124 31,
1946 2070 2024 2124 37,
2062 2071 2137 2124 41,
2175 2070 2250 2123 43,
2288 2071 2366 2126 47,
2404 2070 2479 2124 53,
2519 2071 2594 2125 59,
2629 2075 2718 2113 etc.

275 2163 354 2211 33.
423 2162 470 2207 Si
506 2177 617 2223 ergo
647 2179 680 2224 p
715 2164 772 2208 sit
805 2178 1018 2209 numerus
1051 2165 1243 2225 primus,
1279 2165 1316 2208 is
1351 2177 1500 2223 neque
1535 2163 1652 2208 inter
1680 2162 1883 2223 multipla
1917 2162 2075 2207 binarii
2110 2178 2253 2224 neque
2287 2163 2405 2207 inter
2437 2162 2639 2223 multipla
2676 2162 2834 2223 cujus-

139 2273 273 2320 quam
306 2257 417 2303 alius
457 2258 627 2302 numeri
670 2258 890 2312 occurrit,
933 2273 1077 2319 neque
1119 2272 1230 2318 ergo
1263 2255 1526 2318 hujusmodi
1559 2253 1683 2301 facto
1717 2255 1773 2301 ab
1808 2255 1904 2302 ullo
1947 2255 2085 2302 modo
2119 2255 2314 2301 exhiheri
2349 2262 2517 2316 potest,
2553 2256 2636 2300 nisi
2671 2256 2729 2299 sit
2763 2255 2832 2299 vel

139 2354 322 2417 11:71,
358 2350 435 2397 vel
471 2350 579 2395 b:
604 2353 651 2405 1,
688 2365 803 2411 quos
836 2357 986 2397 autem
1022 2367 1152 2398 casus
1186 2351 1454 2397 exclusimus
1489 2349 1610 2412 (26).

275 2463 351 2506 34.
420 2459 587 2506 Omnes
620 2460 817 2516 numeri,
855 2461 930 2521 qui
965 2475 1058 2506 non
1081 2467 1187 2506 sunt
1220 2460 1372 2521 primi,
1409 2465 1634 2505 vocantur
1667 2461 1917 2520 compositi5
1963 2458 2082 2504 unde
2116 2465 2239 2519 patet
2272 2472 2428 2503 omnes
2461 2472 2673 2504 numeros
2706 2471 2833 2503 com-

141 2555 314 2616 positos
346 2568 442 2599 esse
475 2553 679 2615 multipla
724 2554 912 2600 aliorum
946 2568 1236 2600 numerorum
1272 2553 1513 2609 minorum,
1551 2553 1625 2613 qui
1661 2567 1765 2598 cum
1799 2554 1962 2598 iteruin
1995 2554 2085 2598 sint
2120 2554 2268 2612 primi,
2303 2552 2374 2597 vel
2410 2551 2609 2612 multipla
2643 2551 2832 2596 aliorum

142 2649 294 2696 denuo
336 2649 578 2703 minorum,
630 2647 831 2708 multipla
875 2654 1026 2693 autem
1076 2647 1276 2710 cujusvis
1321 2644 1531 2707 producti
1573 2647 1664 2691 sint
1704 2646 1835 2692 simul
1878 2647 2080 2707 multipla
2125 2646 2409 2707 singulorum
2451 2644 2550 2707 ejus
2590 2641 2831 2698 factorum,

148 2743 351 2805 sequitur
384 2755 540 2788 omnes
574 2755 783 2787 numeros
817 2743 1094 2803 compositos
1127 2740 1312 2786 tandem
1345 2738 1498 2785 reduci
1532 2738 1591 2785 ad
1626 2740 1832 2801 multipla
1866 2754 2154 2786 numerorum
2187 2741 2446 2800 primorum.

285 2837 364 2882 35.
433 2832 589 2880 Omnis
623 2849 733 2895 ergo
764 2845 981 2881 numerus
1006 2841 1075 2880 est
1102 2835 1172 2880 vel
1198 2835 1392 2896 primus,
1427 2812 1499 2878 vel
1526 2833 1782 2894 multiplum
1810 2833 2059 2895 cujuspiam
2086 2834 2259 2878 numeri
2293 2833 2442 2892 primi3
2478 2844 2568 2890 quo
2595 2829 2831 2889 posteriori

147 2946 256 2978 casu
290 2945 391 2976 cum
429 2942 642 2974 numerus
673 2929 731 2973 sit
765 2930 1062 2989 compositus,
1096 2929 1242 2975 omnis
1276 2928 1491 2974 numerus
1515 2927 1790 2988 compositus
1815 2926 2012 2972 exhiheri
2048 2931 2196 2987 potest
2227 2923 2469 2986 producto,
2505 2922 2634 2985 cujus
2666 2921 2831 2982 singuli

141 3022 338 3072 factores
370 3025 458 3069 sint
490 3022 663 3067 numeri
697 3022 841 3083 primi.

278 3133 356 3180 36.
423 3130 546 3177 Inter
585 3144 795 3177 numeros
837 3132 1112 3192 compositos
1155 3132 1345 3192 primum
1392 3136 1642 3178 occurrunt
1682 3130 1732 3185 ii,
1789 3131 1867 3190 qui
1908 3135 2118 3175 constant
2159 3127 2334 3174 duobus
2374 3133 2547 3172 tantum
2586 3122 2832 3170 factoribus

144 3227 314 3289 primis.
382 3222 540 3270 Veluti
573 3225 608 3269 si
637 3240 671 3286 p
709 3231 756 3270 et
790 3239 819 3285 q
853 3223 1068 3270 denotent
1102 3223 1216 3271 duos
1250 3237 1463 3270 numeros
1496 3224 1666 3284 primos
1691 3237 2002 3284 quoscunque,
2037 3220 2309 3284 productum
2336 3236 2400 3282 pq
2432 3219 2479 3264 in
2511 3232 2674 3280 genere
2708 3215 2832 3261 exhi-

147 3320 272 3367 bebit
303 3317 523 3382 ejusmodi
558 3332 771 3381 numeros
804 3320 1078 3380 compositos
1111 3319 1276 3380 primae
1310 3318 1497 3378 speciei,
1532 3317 1609 3378 qui
1643 3315 1820 3362 duobus
1851 3322 2029 3362 tantum
2064 3322 2274 3362 constant
2304 3312 2551 3360 factoribus
2584 3312 2749 3372 primis.

283 3429 361 3475 37.
427 3426 554 3473 Talis
587 3440 698 3488 ergo
733 3442 947 3472 numerus
982 3428 1260 3488 compositus
1289 3441 1351 3488 pq
1378 3426 1462 3471 erit
1492 3432 1585 3471 tam
1613 3425 1869 3486 multiplum
1893 3425 2066 3469 numeri
2102 3439 2153 3484 q,
2189 3422 2331 3468 indice
2366 3423 2579 3467 existente
2606 3435 2661 3480 p,
2696 3432 2830 3478 quam

146 3522 400 3584 multiplum
427 3522 568 3582 ipsius
594 3536 658 3581 p,
693 3519 843 3567 indice
871 3522 1084 3566 existente
1117 3536 1168 3582 q,
1203 3535 1347 3581 neque
1381 3534 1489 3566 vero
1524 3519 1662 3565 ullius
1686 3519 1801 3564 alius
1832 3519 2008 3564 numeri
2042 3518 2128 3562 erit
2154 3516 2421 3577 multiplum.
2491 3513 2538 3558 Si
2563 3514 2680 3557 enim
2714 3517 2831 3555 esset

148 3616 406 3677 multiplum
449 3615 566 3661 alius
618 3614 867 3676 cujuspiam
908 3615 1080 3660 numeri
1123 3629 1174 3667 a,
1228 3612 1375 3659 indice
1419 3614 1634 3659 existente
1676 3612 1725 3667 b,
1774 3611 1821 3657 hi
1865 3612 2035 3658 numeri
2076 3625 2105 3656 α
2137 3616 2184 3654 et
2219 3609 2245 3653 b
2287 3608 2385 3670 ejus
2425 3612 2573 3652 essent
2610 3602 2827 3657 factores,

144 3715 301 3756 contra
334 3707 619 3769 hypothesin.

283 3817 362 3862 38.
430 3813 701 3878 Hujusmodi
746 3820 895 3859 autem
938 3813 1211 3874 productum
1247 3828 1335 3875 pa.
1379 3814 1512 3876 cujus
1551 3813 1727 3875 quidem
1770 3810 1915 3858 factor
1942 3827 1973 3872 p
2008 3818 2078 3856 est
2119 3811 2308 3872 primns,
2349 3808 2462 3854 alter
2502 3820 2608 3852 vero
2643 3820 2671 3850 α
2704 3819 2830 3849 com-

147 3911 338 3971 positus,
373 3905 570 3954 factores
603 3908 773 3954 habens
805 3925 849 3963 α,
885 3907 943 3963 β,
977 3923 1027 3965 γ,
1063 3913 1166 3963 etc„
1204 3922 1295 3954 non
1317 3907 1465 3953 solum
1500 3909 1584 3952 erit
1610 3907 1859 3966 multiplum
1895 3918 2183 3951 numerorum
2209 3919 2241 3965 p
2276 3910 2323 3948 et
2355 3917 2404 3955 a,
2438 3901 2514 3947 sed
2549 3901 2678 3944 etiam
2715 3900 2828 3943 inter

144 4002 348 4064 multipla
381 4015 667 4047 numerorum
701 4019 745 4057 α,
779 4001 835 4057 β,
873 4017 917 4059 γ,
952 4007 1040 4046 etc.
1077 4007 1306 4046 occurret.
