3080 4562
284 326 390 381 388
1086 323 1143 376 L.
1181 323 1222 375 E
1238 324 1278 375 U
1289 324 1330 375 L
1344 323 1382 375 E
1399 323 1438 375 R
1453 323 1474 374 Ι
1515 322 1736 385 OPERA
1779 322 2164 378 POSTHUMA.
2185 360 2187 362 -
2763 341 2954 396 Analysis.

282 489 386 521 cum
418 474 534 519 binis
571 472 778 517 assumtis
818 468 885 515 vel
930 466 1148 529 prodeant
1182 467 1475 528 homogenei,
1518 466 1587 513 vel
1623 467 1726 528 prae
1766 468 1820 513 iis
1855 473 2140 513 evanescant.
2176 494 2178 498 ν
2209 466 2392 530 Hocque
2428 467 2563 517 modo
2596 467 2778 516 tandem
2813 484 2974 533 perve-

283 570 430 613 nietur
479 564 536 610 ad
585 565 892 626 aequationem
947 560 1119 608 duobos
1162 560 1418 623 pluribusve
1459 562 1662 606 terminis
1703 567 2008 614 constantem,
2058 562 2554 625 qua¹naturacurvae
2588 564 2634 610 in
2668 563 2771 611 loco
2805 566 2973 612 oe==0

281 660 565 720 exprimetur,
599 672 650 702 ex
684 671 770 718 qua
806 654 1018 718 deinceps
1052 671 1141 702 non
1177 651 1364 703 difficile
1399 656 1491 713 erit
1520 655 1750 717 tangentis
1783 656 2052 716 positionem
2088 649 2293 701 definire.

419 768 490 813 17.
559 763 725 821 Quodsi
760 779 870 826 ergo
907 764 994 811 hoc
1030 763 1164 811 modo
1199 764 1348 826 plures
1388 763 1566 810 termini
1608 762 1939 825 relinquantur,
1983 762 2012 807 ii
2055 749 2415 823 progressionem
2450 764 2770 824 geometricam
2804 760 2976 811 consti&

280 866 424 916 tuent,
458 866 590 920 atque
626 874 675 904 ex
709 857 794 904 hac
832 857 1186 904 consideratione
1221 854 1353 904 facile
1388 863 1457 903 est
1493 858 1603 903 istos
1637 857 1853 903 terminos
1886 855 2145 902 mechanice
2179 853 2498 913 determinare,
2534 870 2589 903 eo
2623 855 2795 904 scilicet
2819 855 2976 913 modo,

279 970 412 1017 quem
437 953 715 1000 Neutonus
742 968 819 1015 per
842 953 1305 1015 parallelogrammum
1333 959 1380 998 et
1404 951 1607 1014 regulam
1626 949 1814 999 tradidit
1839 949 2068 1013 (Figdv2).
2096 948 2144 997 Si
2163 951 2281 996 enim
2297 950 2477 996 termini
2501 950 2776 1012 aequationis
2802 949 2977 997 omissis
3063 998 3066 1001 ,

279 1044 639 1099 co’efsicientibus
680 1047 813 1094 modo
848 1054 954 1093 ante
990 1048 1192 1108 exposito
1235 1048 1282 1093 in
1317 1045 1503 1094 cellulas
1537 1044 1940 1108 parallelogrammi
1981 1044 2230 1106 aequaliter
2269 1043 2434 1093 divisas
2469 1043 2791 1102 inscribantur,
2837 1050 2975 1106 atque

280 1143 326 1189 in
360 1157 626 1204 unaquaque
658 1141 820 1188 cellula
857 1148 1074 1202 punctum
1109 1139 1307 1189 medium
1342 1147 1542 1195 notetur,
1575 1135 1708 1185 facile
1744 1139 2026 1200 perspicitur,
2059 1140 2287 1196 terminos,
2319 1139 2396 1200 qui
2430 1139 2475 1184 in
2503 1138 2678 1184 ratione
2700 1137 2975 1206 geometrica

280 1236 631 1298 progrediuntur
669 1237 715 1282 in
757 1234 976 1281 directum
1016 1232 1115 1283 fore
1159 1232 1417 1296 dispositos.
1478 1232 1571 1280 'Sic
1612 1232 1729 1281 linea
1768 1246 1836 1279 aa
1877 1246 1958 1294 per
1997 1239 2164 1293 puncta
2205 1230 2351 1293 media
2397 1230 2662 1279 cellularum
2703 1231 2886 1288 transit,
2906 1230 2976 1280 >zia

280 1330 442 1391 quibus
482 1330 768 1392 reperiuntur
800 1329 976 1374 termini
1019 1329 1092 1374 isti
1138 1314 1490 1390 progressionem
1513 1327 1856 1388 'geometricam
1898 1332 2120 1376 tenentes:
2164 1323 2239 1384 cci,
2272 1323 2385 1385 “²⁴52
2418 1322 2555 1383 ³1:³7²,
2590 1322 2728 1382 oe²y³,
2760 1321 2866 1382 (ιγ’,
2886 1320 2974 1382 51⁶,

279 1422 416 1469 Linea
452 1430 602 1468 autem
639 1423 702 1468 bb
736 1423 898 1469 transit
931 1437 1012 1484 per
1038 1428 1207 1483 puncta
1234 1421 1380 1469 media
1406 1419 1673 1489 cellularum
1707 1418 1780 1476 oe3,
1814 1418 1952 1478 oe²y²,
1986 1417 2098 1479 oey⁴,
2126 1416 2203 1478 y⁶,
2239 1426 2286 1466 et
2308 1419 2424 1466 linea
2451 1432 2506 1465 cc
2529 1431 2608 1479 per
2634 1424 2801 1480 puncta
2828 1414 2975 1472 media

279 1516 545 1582 cellularum
579 1531 628 1574 ω,
662 1514 802 1574 ae²y²,
836 1513 975 1578 oe³y⁴,3
1009 1511 1148 1583 ωέγθ,
1185 1521 1320 1576 atque
1357 1515 1471 1578 linea
1504 1513 1578 1582 dd
1611 1511 1752 1559 ducta
1786 1518 1855 1561 est
1887 1526 1969 1576 per
2002 1509 2350 1574 puncta-media
2385 1511 2673 1579 cellularum,
2707 1527 2821 1579 quae
2855 1510 2973 1559 hanc

278 1609 491 1672 praebent
527 1611 882 1671 progressionem
916 1609 1262 1670 geometricam:
1293 1623 1347 1666 y,
1371 1606 1499 1677 κβ,
1528 1604 1666 1666 ae²y³,
1700 1603 1838 1664 ae³y⁴,
1872 1601 2185 1664 oe⁴y⁵‚vae⁵y⁶.

414 1717 487 1761 18.
557 1714 605 1761 Si
643 1716 784 1775 igitur
817 1721 983 1775 puncta
1026 1713 1173 1761 media
1214 1712 1479 1769 cellularum
1529 1728 1610 1776 pro
1649 1714 1766 1760 veris
1799 1712 1915 1760 locis
1947 1713 2230 1775 singulorum
2273 1716 2571 1762 terminorum
2612 1715 2886 1776 habeantur,
2923 1721 2975 1770 et

276 1806 390 1854 linea
429 1814 554 1853 recta
590 1814 822 1868 utcunque
858 1821 938 1867 per
973 1805 1059 1852 hoc
1096 1805 1561 1868 parallelogrammum
1596 1805 1886 1863 traducatur,
1930 1807 2107 1853 termini
2143 1808 2200 1853 in.
2223 1807 2307 1854 ista
2341 1806 2458 1854 linea
2491 1809 2727 1861 constituti
2762 1821 2974 1878 progreffi

278 1904 451 1949 sionem
485 1891 807 1963 geometricam
840 1899 1121 1956 formabunt3
1172 1901 1365 1964 ideoque
1399 1903 1435 1948 si
1471 1917 1624 1950 eorum
1659 1897 1955 1949 duo-fuerint
1989 1900 2283 1962 homogenei‚
2327 1917 2483 1951 omnes
2523 1910 2657 1951 erunt
2688 1902 2972 1964 homogenei.

276 1991 447 2038 Deinde
482 2008 533 2038 ex
566 2002 671 2041 ante
707 1997 920 2057 expositis
952 1993 1086 2041 facile
1121 1992 1286 2057 liquet,
1331 2011 1487 2043 omnes
1520 1997 1762 2055 terminos,
1801 1996 1877 2058 qui
1917 2009 2055 2058 supra
2094 1993 2356 2059 hujusmodi
2389 1994 2553 2044 lineam
2586 2003 2755 2061 rectam
2789 1993 2972 2065 cadunt,

277 2094 487 2148 respectu
521 2104 696 2147 eorum,
732 2091 808 2152 qui
842 2091 887 2135 in
922 2091 1016 2151 ipsa
1052 2089 1140 2136 hac
1174 2089 1290 2136 linea
1330 2091 1419 2137 sint
1453 2091 1606 2153 positi,
1653 2086 1754 2138 fore
1795 2085 1970 2155 infinite
2004 2103 2212 2152 magnos,
2262 2090 2476 2137 terminos
2517 2096 2691 2147 autem,
2741 2090 2826 2153 qui
2858 2085 2974 2136 infra

275 2179 392 2226 hanc
444 2181 604 2228 lineam
656 2183 824 2231 cadunt
874 2157 1133 2230 eorumdem
1187 2191 1396 2246 respectu
1444 2171 1637 2233 futuros·
1664 2198 1763 2230 esse
1808 2179 1983 2230 infinite
2024 2169 2208 2246 parvos,
2250 2182 2442 2246 ideoque
2475 2198 2582 2246 prae
2615 2184 2669 2231 iis
2701 2196 2971 2266 evanescere

275 2267 420 2336 posito
453 2277 627 2324 scilicet
659 2278 836 2324 ae=0.
906 2276 954 2324 Si
989 2278 1108 2324 enim
1148 2279 1284 2324 series
1326 2277 1561 2324 verticales
1606 2277 1959 2340 interpolentur,
2011 2278 2212 2325 termini
2238 2277 2496 2361 interpolati
2548 2291 2726 2332 omnes,
2754 2289 2971 2342 quorum

274 2368 371 2415 loca
407 2370 452 2415 in
486 2369 650 2417 lineam
683 2342 852 2417 rectam
886 2369 1115 2428 incidunt,
1162 2373 1518 2433 progressionem
1556 2372 1875 2434 geometricam
1910 2371 2210 2428 constituent,
2246 2385 2440 2434 quorum
2475 2377 2698 2450 respectu
2712 2372 2972 2453 superiores

273 2478 428 2545 omnes
452 2472 559 2511 sunt
586 2460 766 2523 infiniti,
802 2462 1036 2512 inferiores
1062 2461 1236 2512 infinite
1263 2468 1403 2529 parvi.
1448 2466 1524 2515 Sic
1550 2474 1673 2514 recta
1701 2466 1758 2512 bb
1786 2448 2130 2528 interpolatione
2163 2467 2366 2551 instituta
2400 2467 2608 2514 transibit
2640 2479 2722 2530 per
2753 2465 2972 2529 terminos

1030 2649 1035 2659 .,
1076 2607 1155 2663 oe3,
1205 2569 1319 2668 oesy,
1344 2607 1490 2669 Ἰ,εινῖγῖ
1495 2645 1508 2666 ,
1549 2568 1689 2669 ωξγῧ,
1752 2607 1849 2669 oey‘
1854 2644 1867 2666 ,
1901 2566 2023 2669 ωέγό
2027 2643 2041 2666 ,
2088 2605 2162 2668 γθ.

406 2719 479 2764 19.
548 2715 594 2763 Si
635 2719 777 2779 igitur
815 2717 1035 2781 ejusmodi
1080 2719 1256 2765 termini
1301 2716 1638 2776 desiderentur,
1671 2733 1864 2780 quorum
1897 2724 2108 2780 respectu
2141 2690 2312 2780 reliqui.
2334 2731 2488 2764 omnes
2521 2731 2603 2779 pro
2636 2716 2778 2765 nihilo
2812 2716 2968 2765 haberi

269 2818 459 2872 queant,
512 2811 627 2857 linea
662 2818 786 2858 recta
822 2811 910 2873 per'
935 2810 1053 2859 duos
1087 2811 1308 2875 ejusmodi
1341 2802 1562 2859 terminos
1595 2811 1699 2859 duci
1744 2808 1958 2870 debebit,
2005 2815 2063 2859 ut¹
2094 2805 2228 2874 supra
2260 2803 2368 2858 eain
2408 2811 2521 2859 nulli
2564 2825 2748 2874 prorsus
2783 2813 2967 2860 termini

269 2905 473 2951 existant.
546 2904 676 2952 Unde
714 2907 751 2952 si
786 2902 1061 2968 aequationis
1096 2881 1354 2969 propositae
1388 2906 1555 2968 singuli
1590 2884 1769 2953 termini
1809 2898 2076 2953 incel'lulas
2115 2908 2224 2968 ipsis
2266 2907 2586 2954 convenientes
2633 2905 2771 2969 hujus
2817 2906 2966 2969 paral-

271 2993 552 3058 lelogrammi
591 3000 917 3058 inscribantur,
947 3007 1002 3046 re't
1035 2994 1248 3058 cellulae,
1284 3001 1688 3062 quarum'termini
1723 2992 2070 3062 in'2aequatione
2090 2989 2291 3058 desunt,
2315 2990 2852 3063 ‘vacuaerelinquanturj
2887 2989 2968 3063 p&
3024 3052 3030 3061 ,

270 3090 486 3153 ejusmodi
529 3091 647 3139 duos
684 3107 919 3155 supremos
960 3096 1176 3141 terminos
1216 3072 1480 3141 in'duabus
1505 3087 1731 3142 columnis
1764 3085 2065 3141 verticalibus·
2086 3094 2201 3157 linea
2236 3100 2358 3141 recta
2393 3084 2634 3147 'dach-*vel
2660 3077 2966 3156 ipsis'regfi'ss

270 3187 483 3248 applicari
517 3181 666 3244 debet,
700 3194 754 3234 ut
787 3201 921 3249 super
956 3182 1007 3234 ea
1040 3183 1153 3234 nulli
1191 3203 1375 3250 prorsus
1410 3180 1605 3235 termini*
1628 3195 1888 3250 appareant.
1930 3177 2069 3234 3Hoc‘
2091 3190 2211 3234 enim
2250 3184 2374 3234 facto
2413 3186 2504 3233 bini
2547 3175 2851 3244 illis'terminiss
2871 3186 2963 3235 ve!

270 3279 442 3343 plures,
492 3282 528 3326 si
562 3283 646 3343 ‘qui
688 3282 733 3327 in
774 3282 902 3327 istam
938 3280 1122 3327 eandem
1164 3281 1326 3327 lineam
1368 3288 1542 3328 rectam
1578 3281 1776 3338 cadant,
1807 3293 1899 3328 non
1940 3271 2088 3328 solum
2121 3281 2481 3343 progressionem
2517 3280 2843 3342 geometricam
2854 3267 2963 3328 ¹50⁴!ss

269 3374 470 3431 mabunt,
505 3373 582 3420 sed
618 3375 677 3420 ita
715 3381 847 3420 erunt
881 3376 1143 3437 comparati,
1181 3382 1232 3421 ut
1265 3390 1370 3437 prae
1405 3376 1458 3420 iis
1493 3375 1651 3437 reliqui
1688 3390 1844 3434 omnes
1884 3376 2163 3437 aequationis
2203 3375 2383 3422 termini
2424 3374 2593 3436 negligi
2637 3369 2815 3436 queant:
2843 3373 2963 3423 “fflfi

269 3483 380 3531 ergo
413 3470 615 3514 terminis
649 3470 693 3514 in
727 3469 991 3530 aequatione
1030 3458 1262 3531 expunctis
1286 3470 1351 3525 ii,
1386 3469 1463 3531 qui
1498 3475 1607 3515 sunt
1639 3468 1829 3526 residui,
1863 3475 2072 3515 naturam
2104 3468 2269 3516 curvae
2303 3471 2350 3515 in
2388 3468 2490 3516 loco
2520 3469 2670 3516 ae=0
2697 3469 2958 3531 expriment.

400 3576 478 3622 20.
548 3572 593 3622 Si
630 3575 743 3622 linea
777 3582 900 3622 recta
936 3574 1024 3622 hoc
1059 3575 1192 3622 modo
1228 3575 1381 3624 ducta
1400 3575 1514 3623 duos
1540 3582 1717 3624 tantum
1748 3578 1964 3624 terminos
1987 3575 2219 3634 exhibeat,
2253 3576 2493 3624 habebitur
2524 3577 2733 3639 aequatio
2761 3561 2960 3625 binomia]

271 3682 351 3729 pro
386 3684 524 3715 curva
556 3670 603 3714 in
635 3669 735 3716 loco
767 3684 883 3714 ωε
902 3671 956 3726 0,
1002 3669 1187 3732 ejusque
1224 3684 1336 3732 ergo
1376 3677 1568 3732 tangens
1601 3686 1681 3733 per
1714 3677 1946 3733 praecepta
1978 3677 2083 3718 ante
2120 3670 2281 3718 tradita
2316 3671 2582 3728 invenietur,
2617 3669 2700 3716 ni'si
2732 3658 2865 3718 linea
2873 3656 2958 3719 illi

270 3768 392 3807 recta
429 3759 562 3808 suerit
585 3762 890 3822 horizontalis,
925 3779 1015 3826 quo
1041 3779 1147 3812 casu
1175 3764 1396 3827 applicata
1418 3780 1454 3824 y·
1478 3765 1555 3812 vel
1582 3760 1762 3812 finitum
1792 3765 1863 3812 vel
1890 3766 2200 3828 imaginarium
2228 3763 2459 3813 obtinebit
2473 3750 2699 3818 valorem;
2709 3749 2961 3826 puerique

271 3851 381 3902 casu¹
411 3862 605 3916 tangens
639 3872 691 3903 ex
726 3856 794 3903 his
830 3857 1008 3906 duobus
1041 3860 1243 3906 terminis
1277 3854 1457 3906 definiri
1490 3857 1661 3922 nequit.
1722 3858 1820 3908 Hoc
1841 3873 1964 3921 -ergo
1984 3849 2106 3906 ‘casu
2138 3846 2296 3922 regula
2329 3863 2455 3904 motu
2487 3856 2571 3904 sibi
2595 3844 2959 3919 'parallelw‘press

272 3956 519 4005 moveatur,
555 3946 701 3995 donec
734 3965 874 3997 unum
911 3953 1116 4013 pluresve
1151 3967 1295 4002 novos
1329 3947 1546 4002 terminos
1578 3956 1787 4016 attingat,
1820 3953 1957 4017 hique
1991 3952 2050 4001 ad
2084 3940 2195 4001 illes⁴
2220 3951 2507 4015 adjiciantur,
2541 3957 2588 3998 et
2612 3963 2666 3997 ex
2688 3938 2958 4013 'aequalium
3021 3963 3025 3965 ·

271 4042 516 4090 resultante
551 4050 743 4105 tangens
777 4039 1035 4094 definiatur.
1111 4047 1221 4095 Cum
1272 4049 1390 4095 enim
1440 4047 1602 4112 reliqui
1653 4049 1833 4096 termini
1885 4062 1992 4111 prae
2041 4047 2113 4095 his
2163 4045 2219 4094 de
2267 4061 2386 4094 novo
2435 4043 2624 4109 adjectis
2673 4050 2957 4102 evanescant,
