3080 4562
264 271 370 325 314AE
1098 264 1155 317 L.
1197 263 1483 318 EULERI
1523 262 1749 317 OPERA
1786 262 2171 325 POSTHUMA.
2742 281 2935 336 Analysis.

263 413 538 471 extenditur,
582 418 754 459 certum
788 411 1116 458 incrementum
1151 411 1312 472 capiet.
1382 409 1527 457 Facile
1562 411 1680 455 enim
1715 415 1859 471 patet,
1893 411 1930 455 si
1964 404 2110 470 figura
2147 409 2311 471 PMmp
2345 410 2462 455 circa
2500 423 2624 455 axem
2661 411 2731 473 Pp
2763 419 2955 470 rotetur,

264 511 483 556 oriturum
517 520 613 551 esse
646 504 859 560 solidum,
895 520 985 566 quo
1020 506 1345 551 incrementum
1379 506 1622 566 superioris
1656 502 1787 549 solidi
1818 501 2004 550 rotundi
2037 509 2415 563 repraesentetur.
2464 502 2607 550 Simili
2635 503 2956 567 modosssuper-

261 597 385 646 ficies
436 597 690 655 conoidica,
741 614 853 660 quae
905 600 1194 645 conversione
1246 613 1380 645 arcus
1421 598 1510 643 Mm
1548 600 1668 644 circa
1714 613 1838 644 axem
1883 597 1953 659 Pp
1997 603 2262 658 generatur,
2314 597 2510 659 aequalis
2547 598 2641 644 erit
2674 600 2956 645 incremento

261 689 511 754 superficiei
565 692 698 739 solidi
746 693 866 738 illius
915 691 1121 749 rotundi,
1174 691 1297 754 quod
1345 694 1640 739 conversione
1691 693 1910 754 portionis
1961 706 2126 737 curvae
2176 692 2449 753 propositae,
2501 707 2614 754 quae
2660 693 2880 739 abscissae
2921 709 2957 739 a:

261 785 503 848 respondet
537 785 826 848 producitur,
862 786 969 833 dum
1002 787 1180 834 scilicet
1212 787 1412 833 abscissa
1447 802 1482 832 cc
1516 789 1842 833 incrementum
1877 787 1998 847 capit
2030 786 2294 847 Pp=Aoe.
2763 767 2765 769 ι

395 882 439 926 8.
509 880 729 927 Ponamus
777 895 898 927 nunc
945 882 1276 928 incrementum
1317 881 1598 943 Pp=Aoe,
1652 880 1774 943 quod
1815 880 2035 927 hactenus
2075 886 2293 942 tanquam
2335 874 2516 926 smitum
2557 871 2955 940 consideravimus,

261 970 360 1022 fieri
392 970 569 1020 infinite
605 990 817 1037 parvum,
869 991 949 1022 seu
982 977 1027 1022 in
1061 975 1252 1022 nihilum
1286 976 1431 1033 abire,
1474 976 1609 1037 atque
1645 974 1871 1021 exhibebit
1903 975 1975 1037 Pp
2010 970 2305 1021 differentiale
2338 975 2477 1036 ipsius
2508 973 2732 1023 abscissae
2768 992 2824 1034 w,
2878 990 2962 1047 seu

260 1071 346 1114 erit
381 1070 451 1131 Pp
471 1070 633 1135 ssclae.
701 1070 784 1117 Hic
819 1069 1000 1132 quidem
1035 1071 1251 1132 imprimis
1284 1069 1561 1118 monendum
1596 1077 1686 1127 est,
1723 1085 1826 1118 cum
1861 1071 1908 1115 in
1942 1066 2094 1131 figura
2129 1060 2400 1131 quantitates
2435 1077 2750 1116 evanescentes
2776 1085 2958 1134 reprae-

261 1165 428 1211 sentari
465 1171 711 1225 nequeant,
744 1163 901 1211 iisdem
936 1179 1016 1210 nos
1050 1164 1397 1226 quantitatibus,
1437 1180 1552 1226 quae
1587 1172 1690 1211 ante
1723 1140 1999 1211 incrementa
2033 1160 2161 1210 finita
2196 1163 2513 1225 designabant,
2554 1162 2612 1210 ad
2648 1159 2958 1214 differentialia

259 1257 636 1321 repraesentanda
685 1260 765 1305 uti.
836 1257 1093 1320 Requiritur
1143 1273 1255 1320 ergo
1299 1257 1359 1305 ad
1401 1257 1488 1306 hoc
1529 1260 1663 1305 animi
1706 1255 1858 1315 fictio,
1893 1273 1982 1320 qua
2017 1273 2107 1304 non
2142 1266 2235 1304 tam
2271 1259 2366 1319 ipsa
2401 1258 2519 1304 linea
2554 1259 2643 1320 Pp,
2695 1274 2829 1321 quam
2861 1260 2960 1325 ejus

261 1353 386 1414 quasi
440 1364 542 1412 pars
592 1347 883 1398 infinitesima
932 1348 1226 1398 differentiale
1277 1352 1346 1398 doe
1395 1355 1638 1415 exprimere
1692 1350 1988 1414 concipienda
2035 1358 2118 1398 est.
2186 1350 2411 1398 Punctum
2455 1351 2629 1397 scilicet
2663 1367 2697 1413 p
2740 1354 2959 1402 continuo

261 1447 444 1507 propius
477 1444 535 1491 ad
568 1446 611 1491 P
643 1444 872 1492 admoveri
906 1440 1171 1507 fingendum
1208 1453 1298 1504 est,
1336 1453 1383 1493 et
1415 1453 1535 1503 tum,
1572 1461 1675 1493 cum
1709 1447 1756 1491 in
1792 1447 1836 1491 P
1867 1459 2021 1492 revera
2056 1444 2234 1500 incidit,
2269 1451 2402 1506 atque
2435 1441 2548 1490 adeo
2575 1445 2858 1492 intervallum
2884 1447 2957 1509 Pp

261 1540 510 1596 evanescit,
561 1539 792 1601 praebebit
833 1540 905 1602 Pp
948 1537 1243 1587 differentiale
1286 1541 1368 1588 doe.
1436 1540 1701 1602 Quanquam
1742 1555 1852 1601 ergo
1897 1537 2186 1593 intervallum
2222 1538 2292 1599 Pp
2334 1533 2573 1599 infigura
2612 1523 2787 1584 finitam
2822 1538 2961 1586 habet

262 1632 638 1694 magnitudinem,
673 1640 825 1679 tamen
861 1633 907 1680 id
942 1641 1091 1680 mente
1126 1641 1339 1697 tanquam
1375 1631 1551 1680 infinite
1585 1648 1772 1695 parvum
1806 1640 1852 1679 et
1879 1647 2148 1678 evanescens
2176 1633 2352 1693 concipi
2379 1638 2582 1693 oportet,
2616 1631 2796 1693 hocque
2823 1631 2971 1680 modor

260 1729 439 1788 quaevis
473 1723 804 1784 differentialia,
849 1729 1021 1774 etiamsi
1054 1743 1206 1774 revera
1243 1731 1334 1774 sint
1367 1729 1510 1785 nulla,
1548 1743 1627 1790 per
1660 1723 1852 1789 figuram
1886 1732 2217 1788 repraesentare
2252 1725 2419 1771 licebit.

394 1821 437 1867 9.
508 1820 556 1867 Si
589 1823 730 1882 igitur
763 1822 1050 1868 intervallum
1084 1823 1155 1884 Pp
1189 1830 1403 1885 tanquam
1436 1818 1612 1868 infinite
1647 1837 1835 1883 parvum
1869 1822 2198 1882 concipiamus,
2235 1826 2287 1866 ut
2320 1821 2380 1865 sit
2415 1819 2563 1881 Pp=
2584 1820 2675 1877 dcc,
2709 1821 2963 1868 incremen-

259 1924 356 1962 tum
389 1915 638 1977 applicatae
673 1931 772 1972 mn,
827 1915 950 1978 quod
983 1924 1086 1962 ante
1120 1914 1214 1962 erat
1248 1912 1429 1963 finitum
1464 1917 1646 1975 =Ay,
1697 1905 1818 1962 nunc
1863 1911 2158 1961 differentiale
2194 1913 2259 1972 dy·
2294 1915 2667 1975 repraesentabit,
2721 1915 2782 1962 ita
2817 1923 2869 1963 ut
2900 1919 2963 1963 sit

261 2011 512 2070 mn=dy.
579 2010 790 2066 Quamvis
822 2020 974 2058 autem
1010 2019 1198 2074 utraque
1233 2012 1346 2059 linea
1382 2014 1450 2075 Pp
1491 2019 1538 2059 et
1570 2027 1644 2058 mn
1686 2014 1744 2058 sit
1786 2006 1960 2057 infinite
1997 2025 2154 2073 parva,
2207 2017 2356 2056 tamen
2396 2011 2534 2067 ratio,
2587 2025 2702 2072 quae
2734 2012 2852 2059 inter
2886 2027 2962 2059 eas

262 2104 412 2151 locum
448 2106 642 2162 obtinet,
679 2108 764 2152 erit
797 2102 951 2164 finita,
993 2108 1169 2169 quoties
1203 2103 1504 2154 differentiale
1545 2103 1792 2153 functionis
1827 2121 1864 2165 y·
1901 2104 1961 2151 ad
2001 2101 2298 2151 differenti-ale
2337 2103 2406 2150 dm
2445 2100 2618 2150 finitam
2658 2111 2784 2151 tenet
2821 2108 2965 2154 ratio-

259 2214 377 2249 nem.
447 2200 578 2247 Ratio
614 2202 729 2246 enim
763 2201 926 2259 dytdoe
960 2201 1222 2263 plerumque
1257 2209 1327 2248 est
1362 2198 1514 2260 finita,
1564 2209 1702 2263 atque
1746 2200 1932 2246 eandem
1966 2201 2184 2246 rationem
2226 2197 2411 2244 habebit
2443 2213 2517 2244 mn
2551 2197 2609 2244 ad
2642 2200 2714 2261 Pp
2749 2214 2832 2246 seu
2862 2201 2962 2258 Mn,

261 2294 435 2340 etiamsi
478 2300 665 2356 utraque
701 2297 982 2357 concipiatur
1014 2292 1192 2342 infinite
1226 2311 1362 2358 parva
1412 2311 1491 2343 seu
1534 2296 1672 2342 nulla.
1740 2295 1804 2342 Ex
1843 2309 1934 2357 quo
1970 2295 2257 2356 perspicuum
2291 2299 2384 2350 est,
2426 2293 2509 2339 etsi
2541 2294 2589 2339 in
2621 2292 2794 2340 calculo
2827 2290 2965 2342 diffe-

261 2388 436 2434 rentiali
464 2391 704 2451 praecipue
731 2392 1003 2452 quantitates
1027 2386 1202 2437 infinite
1227 2406 1389 2455 parvae
1418 2407 1498 2438 seu
1524 2397 1841 2438 evanescentes
1866 2396 2139 2445 tractentur,
2167 2396 2317 2434 tamen
2343 2403 2395 2433 ex
2421 2389 2473 2434 iis
2499 2389 2772 2451 quantitates
2797 2385 2961 2446 finitas,
3016 2376 3021 2385 ⁴

263 2496 376 2543 quae
416 2482 590 2529 scilicet
621 2486 816 2531 rationes
860 2480 1217 2534 differentialium
1260 2487 1501 2533 metiantur
1542 2485 1758 2541 obtineri,
1812 2486 1963 2546 sicque
2007 2460 2342 2540 conclusioneS,
2394 2497 2508 2545 quae
2550 2482 2653 2530 inde
2695 2479 2962 2542 formantur,

263 2575 323 2624 ad
371 2590 518 2637 genus
569 2580 866 2638 quantitatum
909 2576 1141 2626 finitarum
1176 2582 1372 2626 vicissim
1408 2582 1608 2626 revocari
1644 2596 1791 2643 posse.

402 2671 474 2716 10.
542 2669 760 2725 Quoniam
809 2673 947 2733 igitur
998 2674 1282 2720 intervallum
1329 2675 1398 2734 Pp
1441 2688 1716 2719 evanescens
1765 2673 2037 2734 concipitur,
2091 2677 2259 2733 puncta
2305 2685 2468 2718 curvae
2519 2672 2572 2717 M
2616 2677 2663 2716 et
2703 2684 2746 2715 m
2787 2664 2962 2717 infinite

263 2778 419 2824 parum
471 2778 495 2809 a
547 2778 594 2808 se
636 2765 827 2810 invicem
869 2764 1121 2825 distabunt,
1173 2769 1326 2830 sicque
1368 2768 1640 2815 elementum
1681 2784 1845 2816 curvae
1889 2768 1978 2813 Mm
2019 2769 2105 2813 erit
2147 2762 2322 2813 infinite
2366 2780 2578 2829 parvum,
2630 2781 2684 2812 ac
2725 2771 2963 2827 propterea

264 2859 422 2918 quavis
454 2858 712 2919 assi‘gnabili
748 2862 994 2921 quantitate
1029 2863 1190 2909 minus.
1261 2861 1387 2908 Unde
1422 2863 1510 2909 hoc
1545 2862 1772 2910 commodi
1806 2864 2130 2920 nanciscimur,
2166 2869 2219 2909 ut
2251 2861 2339 2909 hoc
2372 2876 2533 2908 curvae
2558 2860 2839 2907 elementum
2872 2861 2964 2906 Mm

266 2959 477 3013 tanquam
512 2952 675 2999 lineola
709 2961 829 3000 recta
865 2956 1140 3003 considerari
1178 2960 1329 3019 possit.
1401 2958 1622 3019 Fingatur
1654 2959 1772 3003 enim
1811 2973 1889 3020 per
1922 2964 2088 3019 puncta
2122 2959 2175 3003 M
2201 2964 2248 3002 et
2280 2972 2322 3002 m
2355 2955 2460 3002 duci
2496 2954 2631 3001 corda
2667 2955 2776 3011 Mm,
2826 2952 2964 3017 hujus

268 3044 504 3106 longitudo
547 3061 602 3092 eo
638 3048 783 3093 minus
817 3064 840 3094 a
878 3049 1157 3111 longitudine
1192 3068 1323 3099 arcus
1360 3055 1448 3100 Mm
1485 3052 1776 3115 discrepabit,
1828 3068 1919 3114 quo
1956 3054 2097 3113 magis
2130 3066 2262 3097 arcus
2298 3052 2387 3096 Mm
2420 3048 2715 3117 diminuatur,
2767 3047 2965 3110 hincque

268 3141 353 3185 isto
404 3154 513 3186 arcu
561 3142 606 3186 in
658 3138 881 3199 infinitum
924 3144 1166 3204 diminuto,
1219 3164 1352 3195 omne
1398 3148 1641 3195 discrimen
1682 3150 1800 3195 inter
1839 3150 1981 3210 ipsum
2025 3155 2071 3193 et
2111 3146 2294 3194 cordam
2331 3143 2675 3192 subtendentem
2711 3147 2964 3197 evanescet,

267 3232 498 3295 abibitque
550 3236 664 3281 ratio
714 3251 845 3282 arcus
897 3239 951 3284 ad
1003 3240 1186 3287 cordam
1229 3244 1275 3288 in
1325 3244 1544 3289 rationem
1585 3243 1878 3304 aequalitatis.
1951 3239 2180 3288 Continuo
2222 3241 2339 3285 enim
2381 3235 2670 3285 diminuendo
2710 3235 2966 3282 distantiam
3046 3232 3049 3234 ’

269 3334 540 3388 punctorum
574 3329 627 3373 M
656 3336 700 3375 et
732 3346 793 3387 m,
833 3334 1043 3393 quamdiu
1079 3343 1317 3382 curvatura
1354 3338 1398 3382 in
1430 3351 1540 3382 arcu
1567 3337 1653 3381 Mm
1679 3334 2057 3397 deprehenditur,
2089 3335 2282 3380 ulterius
2316 3333 2524 3380 distantia
2560 3331 2648 3377 Mm
2674 3329 2962 3385 diminuatur,

269 3436 321 3465 ex
364 3436 455 3482 quo
507 3420 795 3469 manifestum
837 3433 926 3483 est,
979 3429 1014 3473 si
1060 3428 1269 3475 distantia
1312 3430 1424 3476 haec
1468 3432 1511 3475 in
1555 3426 1779 3476 infinitum
1820 3427 1957 3476 fuerit
1992 3428 2234 3486 diminuta,
2284 3429 2501 3474 rationem
2535 3422 2816 3487 aequalitatis
2848 3423 2966 3468 inter

270 3514 473 3561 arculum
516 3518 601 3562 Mm
635 3524 680 3563 et
712 3519 809 3582 ejus
842 3520 1026 3567 cordam
1063 3523 1342 3570 intercedere
1377 3524 1555 3571 debere.
2163 3510 2165 3512 ι
2899 3500 2907 3511 Ι

408 3611 482 3655 Η.
554 3609 647 3657 Hac
691 3628 801 3674 ergo
846 3615 1203 3664 consideratione
1248 3617 1305 3665 ad
1340 3615 1516 3666 infinite
1552 3636 1687 3682 parva
1720 3620 1962 3676 translata,
2012 3618 2287 3679 triangulum
2324 3617 2468 3673 Mnm,
2517 3612 2639 3676 quod
2672 3609 2885 3674 quamdiu
2918 3612 2965 3656 in

273 3696 410 3747 {initis
460 3705 771 3764 versabamur,
822 3717 916 3754 erat
963 3713 1278 3770 mixtilineum,
1334 3729 1453 3761 nunc
1495 3713 1657 3761 evadet
1700 3715 2005 3770 rectilineum,
2059 3712 2251 3774 ideoque
2295 3711 2394 3773 ejus
2435 3709 2711 3770 hypotenusa
2756 3705 2844 3750 Mm
2885 3716 2967 3766 per

273 3793 500 3841 theorema
536 3798 871 3861 pythagoricum
908 3807 1123 3866 assignari
1160 3810 1341 3868 poterit.
1414 3807 1525 3854 Cum
1558 3812 1676 3855 enim
1713 3811 1755 3855 in
1790 3799 2028 3869 triangulo*
2056 3808 2176 3854 Mnm
2206 3783 2269 3851 ad
2304 3820 2333 3850 n
2367 3800 2633 3863 rectangulo
2667 3801 2725 3846 sit

1191 3903 1349 3947 Mn=
1374 3903 1631 3964 Pp=dae,
1702 3910 1747 3949 et
1814 3901 2067 3960 mn=dy‚

274 3981 357 4026 esst
409 3978 689 4043 hypotenusa
734 3987 1161 4053 MW=V(doe²—‡-
1183 3993 1306 4059 (13³²).
1375 3996 1563 4042 Exhibet
1612 4003 1762 4043 autem
1814 3994 1924 4042 haec
1970 3993 2131 4043 lineola
2176 3992 2263 4037 Mm
2313 3985 2605 4037 differentiale
2645 3988 2784 4048 ipsius
2825 3985 2968 4032 lineae
