3080 4562
1040 307 1041 310 ’
1070 299 1200 357 Vera
1237 303 1497 358 aestumatio
1534 302 1678 357 sortis
1712 305 1763 357 in
1800 304 1939 358 Iudt's.
2071 324 2078 330 ·
2742 306 2853 359 315

1432 939 1581 1008 XV,

861 1227 1057 1284 vera
1106 1211 1514 1283 aestimatio
1556 1227 1772 1285 sorus
1812 1229 1890 1283 ιιι
1932 1228 2145 1288 liuns.

274 1742 431 1792 Multis
463 1741 644 1791 laborat
676 1738 1024 1804 difficultatibus
1056 1755 1264 1789 mensura
1302 1742 1493 1789 sortium
1528 1757 1608 1790 seu
1642 1744 2026 1805 expectationum,
2060 1759 2172 1806 quas
2203 1743 2372 1791 habent
2404 1744 2651 1792 collusores
2685 1745 2757 1791 vel
2789 1744 2845 1811 de

146 1834 354 1900 deposito
380 1843 622 1895 certantes,
647 1837 721 1884 vel
748 1838 854 1884 victi
883 1837 1047 1883 victori
1074 1834 1357 1899 designatam
1382 1838 1597 1898 pecuniae
1622 1851 1839 1883 summam
1863 1837 2038 1884 solvere
2063 1838 2264 1900 obligati.
2302 1839 2362 1885 Ea
2389 1840 2597 1886 nimirum
2620 1854 2844 1897 mensura,

142 1931 277 1995 cujus
310 1928 604 1979 fundamenta
639 1931 963 1980 Paschalius
996 1931 1170 1993 posuit,
1206 1937 1253 1977 et
1285 1937 1389 1993 post
1423 1946 1529 1977 eum
1563 1931 1872 1993 fingenius,
1907 1931 2021 1994 Jac.
2049 1931 2335 1980 Bernoulli
2368 1921 2533 1994 aliique
2566 1931 2845 1979 celeberrimi

141 2026 225 2073 viri
266 2027 505 2088 insigniter
543 2026 854 2073 excoluerunt.
923 2023 1185 2072 Secundum
1225 2024 1390 2071 horum
1431 2027 1704 2072 sententiam
1742 2041 1835 2073 non
1869 2025 2179 2088 imprudenter
2210 2042 2317 2089 ago,
2367 2028 2405 2073 si
2439 2026 2599 2073 ludum
2633 2028 2844 2088 suscipio,

142 2134 238 2183 quo
270 2134 412 2183 aeque
444 2117 577 2166 facile
611 2121 790 2167 evenire
824 2125 998 2182 potest,
1029 2125 1083 2165 ut
1113 2125 1298 2165 centum
1330 2107 1550 2164 rublones
1585 2119 1656 2164 vel
1690 2121 1929 2181 accipiam,
1971 2120 2042 2166 vel
2078 2119 2276 2182 perdam.
2336 2119 2428 2167 Sed
2460 2122 2497 2167 si
2532 2135 2686 2166 omnes
2720 2135 2844 2167 meae

142 2228 251 2277 opes
270 2221 467 2261 tantum
513 2215 604 2261 100
638 2213 691 2262 R.
734 2213 904 2271 valent,
957 2211 1363 2275 imprudentissime
1406 2212 1517 2258 mihi
1559 2219 1767 2259 acturum
1802 2213 1961 2261 videor
1992 2213 2117 2261 hunc
2150 2212 2311 2260 ludum
2346 2215 2611 2275 suscipiens,
2664 2214 2843 2261 lucrum

141 2309 264 2356 enim
295 2315 510 2371 respectu
545 2307 717 2365 damni,
752 2307 879 2370 quod
908 2322 1053 2372 aeque
1073 2303 1224 2357 ,facile
1257 2304 1465 2354 accidere
1498 2314 1672 2369 potest,
1704 2322 1987 2370 nequaquam
2026 2310 2135 2354 satis
2168 2314 2238 2354 est
2271 2306 2458 2370 grande.
2503 2307 2617 2355 Casu
2644 2307 2843 2355 secundo

142 2417 396 2466 consequor
435 2404 527 2450 100
561 2402 636 2461 Β.,
671 2417 816 2465 eoque
844 2416 963 2467 ergo
997 2399 1138 2463 duplo
1173 2399 1311 2448 ditior
1334 2396 1422 2455 fio;
1457 2416 1569 2461 casu
1599 2401 1788 2448 adverso
1814 2417 1924 2450 vero
1950 2409 2115 2449 teneor
2138 2416 2264 2449 meos
2294 2403 2384 2449 100
2412 2401 2464 2448 R.
2492 2400 2623 2448 alteri
2650 2401 2845 2460 tradere,
2912 2382 2916 2387 Ι

139 2496 231 2545 hoc
264 2498 406 2558 igitur
442 2498 489 2543 in
521 2503 765 2559 extremam
797 2502 1110 2559 paupertatem
1141 2497 1377 2560 pervenio,
1427 2502 1475 2542 et
1508 2491 1725 2542 infinities
1757 2470 1998 2558 pauperior
2032 2492 2110 2543 fio.
2180 2495 2290 2552 Quis
2332 2503 2482 2542 autem
2518 2511 2651 2543 sanus
2683 2511 2731 2542 se
2766 2512 2844 2549 ex·

138 2597 309 2638 tremae
349 2592 602 2654 paupertati
641 2598 690 2637 et
729 2590 1009 2637 deterrimae
1041 2588 1293 2637 conditioni
1334 2605 1559 2651 exponere
1600 2590 1741 2647 volet,
1794 2597 1846 2637 ut
1887 2589 2026 2652 duplo
2066 2596 2244 2636 tantum
2278 2590 2415 2636 ditior
2449 2589 2699 2637 reddatur?
2764 2589 2842 2636 Sin

137 2699 246 2732 vero
278 2685 397 2732 hona
429 2699 526 2732 mea
567 2683 717 2733 multo
759 2691 910 2731 essent
942 2683 1124 2747 majora
1146 2689 1194 2729 et
1226 2680 1324 2730 fere
1358 2679 1558 2741 infinita,
1610 2690 1720 2731 tunc
1754 2686 1902 2731 minus
1937 2683 2189 2731 dubitarem
2226 2683 2488 2747 hujusmodi
2525 2684 2678 2731 ludum
2714 2686 2842 2741 inire,

137 2793 244 2827 cum
278 2794 389 2826 casu
421 2778 622 2826 secundo
658 2786 784 2825 tanto
815 2776 913 2825 fere
946 2773 1125 2827 efficiar
1160 2776 1295 2824 ditior
1327 2786 1498 2840 quanto
1531 2777 1723 2825 adverso
1757 2781 2013 2841 pauperior.

269 2873 455 2920 Maxime
494 2873 632 2936 hujus
663 2874 730 2919 rei
764 2874 926 2919 veritas
960 2874 1183 2919 evincitur
1215 2874 1425 2934 sequenti
1458 2871 1590 2920 ludo:
1632 2872 1915 2920 Promittitur
1951 2875 2032 2934 ipsi
2063 2872 2108 2921 A
2126 2873 2280 2935 jactus
2310 2878 2480 2918 tessera
2504 2872 2768 2929 instituenti,
2803 2874 2841 2918 si

136 2981 350 3015 numerus
383 2974 654 3030 punctorum
685 2963 827 3013 fuerit
858 2981 959 3029 par,
993 2966 1166 3014 solvere
1206 2969 1226 3012 1
1257 2967 1333 3020 R.;
1366 2968 1403 3012 si
1436 2966 1624 3012 secundi
1651 2967 1807 3029 jactus
1843 2981 2056 3013 numerus
2082 2973 2352 3028 punctorum
2378 2962 2517 3012 fuerit
2542 2980 2642 3026 par,
2677 2980 2758 3027 pro
2785 2981 2840 3014 eo

135 3061 310 3108 solvere
338 3062 368 3107 2
391 3061 468 3115 R.;
497 3075 578 3123 pro
604 3062 758 3118 tertio,
787 3061 825 3107 si
848 3067 1121 3122 punctorum
1149 3075 1367 3131 numerus
1393 3059 1550 3106 itidem
1578 3075 1658 3122 par
1684 3062 1755 3117 sit,
1785 3064 1812 3106 li
1832 3061 1900 3116 R.,
1931 3075 2013 3121 pro
2039 3067 2198 3122 quarto
2224 3061 2253 3106 8
2271 3059 2323 3106 R.
2351 3065 2397 3104 et
2424 3059 2485 3104 ita
2512 3072 2662 3120 porro,
2690 3058 2840 3121 quoad

136 3156 278 3217 impar
301 3154 477 3202 accidat
507 3162 780 3218 punctorum
813 3169 1050 3210 numerus,
1085 3169 1175 3217 quo
1210 3156 1255 3201 in
1291 3169 1400 3201 casu
1434 3153 1545 3200 nihil
1574 3155 1741 3216 accipit
1766 3153 1824 3211 A,
1861 3153 2082 3216 ludusque
2115 3149 2286 3199 finitur.
2321 3151 2562 3208 Quaeritur
2587 3154 2838 3213 expectatio

133 3249 274 3311 ‚ipsius
310 3246 356 3295 A
397 3262 480 3295 seu
513 3250 671 3311 quanti
704 3247 823 3296 hanc
855 3247 1176 3296 conditionem·
1193 3248 1269 3295 alii
1302 3247 1497 3295 vendere
1529 3245 1599 3295 fas
1631 3250 1708 3295 sit.
1758 3247 1993 3294 Invenitur
2024 3254 2178 3294 autem
2211 3262 2264 3293 ex
2298 3246 2454 3308 regula
2487 3245 2543 3291 ab
2576 3246 2838 3292 auctoribus

132 3343 285 3390 citatis
316 3341 502 3399 tradita,
544 3343 800 3405 expectatio
834 3343 972 3404 ipsius
1003 3339 1049 3390 A
1083 3343 1235 3391 valere
1269 3338 1495 3390 infinitum
1529 3343 1774 3390 rublonum
1808 3356 2060 3389 numerum.
2109 3341 2302 3402 Egregie
2337 3354 2445 3387 vero
2480 3339 2554 3384 hic
2587 3340 2838 3399 interrogat

28 3411 58 3459 ³³⁸
135 3435 306 3483 clariss.
347 3434 388 3483 Ν
398 3434 614 3482 icolaus
638 3434 945 3494 Bernoulli‚
972 3438 1072 3499 quis
1096 3444 1189 3484 tam
1216 3445 1334 3484 esset
1358 3436 1564 3494 stolidus,
1591 3439 1667 3499 qui
1692 3452 1782 3483 non
1810 3434 1964 3482 mallet
1986 3437 2050 3483 20
2068 3435 2120 3482 R.
2150 3436 2370 3496 accipere,
2398 3447 2532 3494 quam
2559 3433 2834 3493 propositam

81 3567 97 3571 -
136 3527 456 3576 conditionem.
522 3529 587 3576 Ex
637 3545 728 3591 quo
779 3532 964 3598 maxime
1016 3531 1169 3578 elucet
1219 3530 1524 3593 discrepantia
1544 3533 1689 3577 ‘inter
1729 3532 2084 3577 aestimationem
2123 3530 2258 3575 sortis
2290 3526 2539 3574 secundum
2574 3525 2755 3586 regulas
2787 3531 2836 3570 et

134 3636 254 3680 eam,
288 3638 421 3685 quam
453 3637 588 3669 sanae
621 3625 790 3670 mentis
816 3623 954 3678 homo
987 3631 1108 3671 esset
1139 3622 1368 3681 facturus,
1403 3627 1568 3687 quippe
1602 3625 1787 3686 regulae
1820 3625 2057 3684 requirunt
2091 3624 2350 3668 innumeros
2382 3619 2594 3666 rublones
2619 3626 2831 3681 tanquam

132 3716 422 3778 aequivalens
454 3714 551 3763 ludi
581 3717 813 3779 propositi,
832 3716 922 3763 -hic
957 3731 1066 3764 vero
1101 3718 1262 3778 viginti
1297 3717 1564 3765 rublonibus
1598 3719 1760 3764 merito
1795 3732 1843 3763 se
1876 3723 2137 3764 contentum
2171 3729 2269 3760 esse
2303 3727 2434 3775 posse
2460 3719 2604 3774 putat,
2640 3727 2832 3775 eumque

133 3815 356 3856 amentem
390 3810 631 3868 existimat,
666 3811 742 3872 qui
776 3810 851 3858 vel
885 3811 948 3857 20
964 3810 1018 3858 R.
1051 3816 1230 3857 tantum
1263 3825 1345 3871 pro
1380 3810 1467 3857 hac
1501 3810 1759 3857 conditione
1794 3810 2028 3856 soluturus
2059 3815 2193 3854 esset.
2236 3805 2329 3854 Sed
2360 3808 2407 3852 in
2431 3805 2519 3853 hac
2545 3808 2825 3869 quaestione,

133 3907 188 3950 ut
218 3902 278 3950 in·
298 3901 508 3951 omnibus
540 3902 640 3950 aliis
668 3906 906 3967 praecipue
940 3901 1177 3950 attendere
1212 3906 1422 3951 convenit
1453 3902 1511 3950 ad
1547 3919 1655 3966 opes
1690 3903 1810 3965 ejus,
1844 3901 1976 3964 cujus
2008 3916 2107 3949 sors
2138 3901 2398 3963 quaeritur,
2435 3915 2523 3962 quo
2557 3901 2676 3947 enim
2702 3901 2827 3966 quis-

120 4007 225 4057 que
258 3995 361 4058 plus
393 3995 552 4055 habet,
600 3997 739 4060 pluris
772 3997 905 4046 etiam
938 3996 1197 4061 hujusmodi
1232 3995 1516 4044 conditiones
1549 3997 1824 4064 aestimabit,
1859 4002 1906 4043 et
1941 3997 2013 4043 cui
2047 3990 2252 4043 infinitae
2284 4001 2391 4046 sunt
2423 4008 2556 4057 opes,
2594 3994 2647 4059 iss
2667 3981 2823 4040 ludum

2494 4086 2522 4114 t
