<?xml version="1.0" encoding="UTF-8"?>
<!DOCTYPE html PUBLIC "-//W3C//DTD XHTML 1.0 Transitional//EN"
    "http://www.w3.org/TR/xhtml1/DTD/xhtml1-transitional.dtd">
<html xmlns="http://www.w3.org/1999/xhtml" xml:lang="en" lang="en">
 <head>
  <title>
</title>
<meta http-equiv="Content-Type" content="text/html;charset=utf-8" />
  <meta name='ocr-system' content='tesseract 3.04.00' />
  <meta name='ocr-capabilities' content='ocr_page ocr_carea ocr_par ocr_line ocrx_word'/>
</head>
<body>
  <div class='ocr_page' id='page_1' title='image "./operapostumamath01euleuoft/operapostumamath01euleuoft_0039.png"; bbox 0 0 3080 4562; ppageno 0'>
   <div class='ocr_carea' id='block_1_1' title="bbox 860 275 2818 356">
    <p class='ocr_par' dir='ltr' id='par_1_1' title="bbox 860 275 2818 356">
     <span class='ocr_line' id='line_1_1' title="bbox 860 275 2818 356; baseline 0.003 -21"><span class='ocrx_word' id='word_1_1' title='bbox 860 283 1103 336; x_wconf 74' lang='lat' dir='ltr'><strong>Tractatus</strong></span> <span class='ocrx_word' id='word_1_2' title='bbox 1139 285 1196 336; x_wconf 82' lang='lat' dir='ltr'><strong>de</strong></span> <span class='ocrx_word' id='word_1_3' title='bbox 1235 275 1536 336; x_wconf 72' lang='lat' dir='ltr'><strong>numerorum</strong></span> <span class='ocrx_word' id='word_1_4' title='bbox 1576 284 1795 337; x_wconf 79' lang='lat' dir='ltr'><strong>doctrina</strong></span> <span class='ocrx_word' id='word_1_5' title='bbox 1838 283 1955 356; x_wconf 86' lang='lat' dir='ltr'><strong>Cap.</strong></span> <span class='ocrx_word' id='word_1_6' title='bbox 1996 284 2048 338; x_wconf 88' lang='lat'><strong>6.</strong></span> <span class='ocrx_word' id='word_1_7' title='bbox 2758 293 2818 346; x_wconf 75' lang='lat'><strong>21</strong></span> 
     </span>
    </p>
   </div>
   <div class='ocr_carea' id='block_1_2' title="bbox 143 426 2832 961">
    <p class='ocr_par' dir='ltr' id='par_1_2' title="bbox 143 426 2832 961">
     <span class='ocr_line' id='line_1_2' title="bbox 283 426 2117 501; baseline 0.002 -24"><span class='ocrx_word' id='word_1_8' title='bbox 283 429 386 477; x_wconf 81' lang='grc'><strong>163.</strong></span> <span class='ocrx_word' id='word_1_9' title='bbox 455 428 551 476; x_wconf 85' lang='lat' dir='ltr'><strong>Erit</strong></span> <span class='ocrx_word' id='word_1_10' title='bbox 588 429 706 475; x_wconf 90' lang='lat' dir='ltr'><strong>enim</strong></span> <span class='ocrx_word' id='word_1_11' title='bbox 744 426 787 474; x_wconf 82' lang='lat' dir='ltr'><em>A</em></span> <span class='ocrx_word' id='word_1_12' title='bbox 803 426 1091 501; x_wconf 44' lang='lat' dir='ltr'><strong>:md-rja</strong></span> <span class='ocrx_word' id='word_1_13' title='bbox 1122 434 1170 473; x_wconf 90' lang='lat' dir='ltr'><strong>et</strong></span> <span class='ocrx_word' id='word_1_14' title='bbox 1205 429 1323 474; x_wconf 88' lang='lat' dir='ltr'><strong>B=</strong></span> <span class='ocrx_word' id='word_1_15' title='bbox 1342 429 1485 476; x_wconf 70' lang='lat' dir='ltr'><strong>nd-i-</strong></span> <span class='ocrx_word' id='word_1_16' title='bbox 1505 430 1568 487; x_wconf 78' lang='grc' dir='ltr'><strong>β,</strong></span> <span class='ocrx_word' id='word_1_17' title='bbox 1601 429 1722 477; x_wconf 91' lang='lat' dir='ltr'><strong>unde</strong></span> <span class='ocrx_word' id='word_1_18' title='bbox 1755 426 1811 477; x_wconf 85' lang='lat' dir='ltr'><strong>fit</strong></span> <span class='ocrx_word' id='word_1_19' title='bbox 1843 430 2117 493; x_wconf 88' lang='lat' dir='ltr'><strong>productum</strong></span> 
     </span>
     <span class='ocr_line' id='line_1_3' title="bbox 1002 516 1937 584; baseline 0.003 -18"><span class='ocrx_word' id='word_1_20' title='bbox 1002 517 1089 566; x_wconf 77' lang='lat' dir='ltr'><strong>AB</strong></span> <span class='ocrx_word' id='word_1_21' title='bbox 1106 538 1168 559; x_wconf 92' lang='lat'>=</span> <span class='ocrx_word' id='word_1_22' title='bbox 1184 516 1314 565; x_wconf 83' lang='lat' dir='ltr'><strong>mnd²</strong></span> <span class='ocrx_word' id='word_1_23' title='bbox 1330 534 1397 565; x_wconf 51' lang='grc'><strong>’1-</strong></span> <span class='ocrx_word' id='word_1_24' title='bbox 1416 518 1517 583; x_wconf 80' lang='grc' dir='ltr'><strong>(ηιβ</strong></span> <span class='ocrx_word' id='word_1_25' title='bbox 1534 536 1598 567; x_wconf 76' lang='grc' dir='ltr'><strong>-ι-</strong></span> <span class='ocrx_word' id='word_1_26' title='bbox 1617 522 1698 584; x_wconf 85' lang='grc' dir='ltr'><strong>ηα)</strong></span> <span class='ocrx_word' id='word_1_27' title='bbox 1717 523 1750 568; x_wconf 83' lang='lat' dir='ltr'><strong>d</strong></span> <span class='ocrx_word' id='word_1_28' title='bbox 1764 525 1937 582; x_wconf 65' lang='grc' dir='ltr'><strong>-ι--αβ,</strong></span> 
     </span>
     <span class='ocr_line' id='line_1_4' title="bbox 145 610 2475 684; baseline 0.001 -18"><span class='ocrx_word' id='word_1_29' title='bbox 145 618 275 682; x_wconf 85' lang='lat' dir='ltr'><strong>cujus</strong></span> <span class='ocrx_word' id='word_1_30' title='bbox 308 621 456 680; x_wconf 80' lang='lat' dir='ltr'><strong>partes</strong></span> <span class='ocrx_word' id='word_1_31' title='bbox 488 617 659 678; x_wconf 78' lang='lat' dir='ltr'><strong>priores</strong></span> <span class='ocrx_word' id='word_1_32' title='bbox 694 628 798 662; x_wconf 92' lang='lat' dir='ltr'><strong>cum</strong></span> <span class='ocrx_word' id='word_1_33' title='bbox 832 614 923 660; x_wconf 88' lang='lat' dir='ltr'><strong>sint</strong></span> <span class='ocrx_word' id='word_1_34' title='bbox 954 626 1035 674; x_wconf 89' lang='lat' dir='ltr'><strong>per</strong></span> <span class='ocrx_word' id='word_1_35' title='bbox 1066 610 1099 657; x_wconf 79' lang='lat' dir='ltr'><strong>d</strong></span> <span class='ocrx_word' id='word_1_36' title='bbox 1132 610 1399 668; x_wconf 79' lang='lat' dir='ltr'><strong>divisibiles,</strong></span> <span class='ocrx_word' id='word_1_37' title='bbox 1435 619 1659 674; x_wconf 89' lang='lat' dir='ltr'><strong>postrema</strong></span> <span class='ocrx_word' id='word_1_38' title='bbox 1692 615 1763 670; x_wconf 80' lang='grc' dir='ltr'><strong>αβ</strong></span> <span class='ocrx_word' id='word_1_39' title='bbox 1797 630 1878 676; x_wconf 89' lang='lat' dir='ltr'><strong>pro</strong></span> <span class='ocrx_word' id='word_1_40' title='bbox 1911 616 2091 665; x_wconf 89' lang='lat' dir='ltr'><strong>residuo</strong></span> <span class='ocrx_word' id='word_1_41' title='bbox 2126 618 2278 666; x_wconf 87' lang='lat' dir='ltr'><strong>haberi</strong></span> <span class='ocrx_word' id='word_1_42' title='bbox 2312 628 2475 684; x_wconf 88' lang='lat' dir='ltr'><strong>potest.</strong></span> 
     </span>
     <span class='ocr_line' id='line_1_5' title="bbox 279 701 2831 777; baseline 0.002 -21"><span class='ocrx_word' id='word_1_43' title='bbox 279 711 386 757; x_wconf 65' lang='grc'><strong>1611.</strong></span> <span class='ocrx_word' id='word_1_44' title='bbox 454 710 569 757; x_wconf 90' lang='lat' dir='ltr'><strong>Hinc</strong></span> <span class='ocrx_word' id='word_1_45' title='bbox 604 709 887 769; x_wconf 86' lang='lat' dir='ltr'><strong>colligimus,</strong></span> <span class='ocrx_word' id='word_1_46' title='bbox 929 706 967 751; x_wconf 91' lang='lat' dir='ltr'><strong>si</strong></span> <span class='ocrx_word' id='word_1_47' title='bbox 1003 719 1214 751; x_wconf 91' lang='lat' dir='ltr'><strong>numerus</strong></span> <span class='ocrx_word' id='word_1_48' title='bbox 1247 701 1293 751; x_wconf 83' lang='lat' dir='ltr'><em>A</em></span> <span class='ocrx_word' id='word_1_49' title='bbox 1325 719 1405 766; x_wconf 89' lang='lat' dir='ltr'><strong>per</strong></span> <span class='ocrx_word' id='word_1_50' title='bbox 1437 704 1471 750; x_wconf 84' lang='lat' dir='ltr'><strong>d</strong></span> <span class='ocrx_word' id='word_1_51' title='bbox 1512 704 1683 752; x_wconf 88' lang='lat' dir='ltr'><strong>divisus</strong></span> <span class='ocrx_word' id='word_1_52' title='bbox 1733 707 1958 769; x_wconf 88' lang='lat' dir='ltr'><strong>relinquat</strong></span> <span class='ocrx_word' id='word_1_53' title='bbox 2006 710 2233 759; x_wconf 91' lang='lat' dir='ltr'><strong>residuum</strong></span> <span class='ocrx_word' id='word_1_54' title='bbox 2269 731 2318 771; x_wconf 88' lang='grc' dir='ltr'><strong>α,</strong></span> <span class='ocrx_word' id='word_1_55' title='bbox 2370 714 2469 776; x_wconf 90' lang='lat' dir='ltr'><strong>ejus</strong></span> <span class='ocrx_word' id='word_1_56' title='bbox 2501 711 2723 777; x_wconf 87' lang='lat' dir='ltr'><strong>quadrato</strong></span> <span class='ocrx_word' id='word_1_57' title='bbox 2763 711 2831 761; x_wconf 82' lang='lat' dir='ltr'><strong>A²</strong></span> 
     </span>
     <span class='ocr_line' id='line_1_6' title="bbox 145 795 2832 868; baseline 0.002 -22"><span class='ocrx_word' id='word_1_58' title='bbox 145 801 415 863; x_wconf 90' lang='lat' dir='ltr'><strong>respondere</strong></span> <span class='ocrx_word' id='word_1_59' title='bbox 456 801 685 850; x_wconf 90' lang='lat' dir='ltr'><strong>residuum</strong></span> <span class='ocrx_word' id='word_1_60' title='bbox 734 818 818 859; x_wconf 86' lang='grc' dir='ltr'><strong>αα,</strong></span> <span class='ocrx_word' id='word_1_61' title='bbox 868 800 1054 863; x_wconf 88' lang='lat' dir='ltr'><strong>ejusque</strong></span> <span class='ocrx_word' id='word_1_62' title='bbox 1114 798 1230 845; x_wconf 91' lang='lat' dir='ltr'><strong>cubo</strong></span> <span class='ocrx_word' id='word_1_63' title='bbox 1265 795 1334 845; x_wconf 80' lang='lat' dir='ltr'><strong>A⁸</strong></span> <span class='ocrx_word' id='word_1_64' title='bbox 1367 797 1594 846; x_wconf 90' lang='lat' dir='ltr'><strong>residuum</strong></span> <span class='ocrx_word' id='word_1_65' title='bbox 1629 796 1704 858; x_wconf 52' lang='grc' dir='ltr'><strong>αὖ,</strong></span> <span class='ocrx_word' id='word_1_66' title='bbox 1753 807 1801 846; x_wconf 91' lang='lat' dir='ltr'><strong>et</strong></span> <span class='ocrx_word' id='word_1_67' title='bbox 1849 804 2060 862; x_wconf 82' lang='lat' dir='ltr'><strong>potestati</strong></span> <span class='ocrx_word' id='word_1_68' title='bbox 2110 807 2361 868; x_wconf 84' lang='lat' dir='ltr'><strong>cuicunque</strong></span> <span class='ocrx_word' id='word_1_69' title='bbox 2393 806 2465 854; x_wconf 82' lang='lat' dir='ltr'><strong>A&#39;·</strong></span> <span class='ocrx_word' id='word_1_70' title='bbox 2501 807 2728 855; x_wconf 90' lang='lat' dir='ltr'><strong>residuum</strong></span> <span class='ocrx_word' id='word_1_71' title='bbox 2761 808 2832 865; x_wconf 84' lang='grc' dir='ltr'><strong>α”,</strong></span> 
     </span>
     <span class='ocr_line' id='line_1_7' title="bbox 143 889 1944 961; baseline -0.003 -17"><span class='ocrx_word' id='word_1_72' title='bbox 143 896 291 961; x_wconf 89' lang='lat' dir='ltr'><strong>quod,</strong></span> <span class='ocrx_word' id='word_1_73' title='bbox 326 896 547 944; x_wconf 87' lang='lat' dir='ltr'><strong>divisione</strong></span> <span class='ocrx_word' id='word_1_74' title='bbox 579 909 659 957; x_wconf 92' lang='lat' dir='ltr'><strong>per</strong></span> <span class='ocrx_word' id='word_1_75' title='bbox 689 894 723 940; x_wconf 81' lang='lat' dir='ltr'><strong>d</strong></span> <span class='ocrx_word' id='word_1_76' title='bbox 758 890 902 950; x_wconf 85' lang='lat' dir='ltr'><strong>facta,</strong></span> <span class='ocrx_word' id='word_1_77' title='bbox 936 906 1072 954; x_wconf 93' lang='lat' dir='ltr'><strong>porro</strong></span> <span class='ocrx_word' id='word_1_78' title='bbox 1107 890 1163 938; x_wconf 87' lang='lat' dir='ltr'><strong>ad</strong></span> <span class='ocrx_word' id='word_1_79' title='bbox 1199 892 1426 937; x_wconf 87' lang='lat' dir='ltr'><strong>minimam</strong></span> <span class='ocrx_word' id='word_1_80' title='bbox 1461 889 1652 939; x_wconf 87' lang='lat' dir='ltr'><strong>sormam</strong></span> <span class='ocrx_word' id='word_1_81' title='bbox 1686 892 1944 940; x_wconf 85' lang='lat' dir='ltr'><strong>reducetur.</strong></span> 
     </span>
    </p>
   </div>
   <div class='ocr_carea' id='block_1_3' title="bbox 140 965 2835 1615">
    <p class='ocr_par' dir='ltr' id='par_1_3' title="bbox 141 965 2835 1334">
     <span class='ocr_line' id='line_1_8' title="bbox 281 965 2832 1056; baseline 0.001 -17"><span class='ocrx_word' id='word_1_82' title='bbox 281 993 387 1039; x_wconf 85' lang='grc'><strong>165.</strong></span> <span class='ocrx_word' id='word_1_83' title='bbox 455 990 601 1046; x_wconf 84' lang='lat' dir='ltr'><strong>Quare</strong></span> <span class='ocrx_word' id='word_1_84' title='bbox 651 990 688 1035; x_wconf 91' lang='lat' dir='ltr'><strong>si</strong></span> <span class='ocrx_word' id='word_1_85' title='bbox 740 1000 927 1033; x_wconf 90' lang='lat' dir='ltr'><strong>numero</strong></span> <span class='ocrx_word' id='word_1_86' title='bbox 976 982 1023 1032; x_wconf 85' lang='lat' dir='ltr'><em>A</em></span> <span class='ocrx_word' id='word_1_87' title='bbox 1072 999 1151 1047; x_wconf 90' lang='lat' dir='ltr'><strong>per</strong></span> <span class='ocrx_word' id='word_1_88' title='bbox 1198 984 1232 1031; x_wconf 81' lang='lat' dir='ltr'><strong>d</strong></span> <span class='ocrx_word' id='word_1_89' title='bbox 1281 983 1426 1031; x_wconf 88' lang='lat' dir='ltr'><strong>diviso</strong></span> <span class='ocrx_word' id='word_1_90' title='bbox 1467 985 1747 1047; x_wconf 87' lang='lat' dir='ltr'><strong>relinquatur</strong></span> <span class='ocrx_word' id='word_1_91' title='bbox 1794 965 2022 1034; x_wconf 85' lang='lat' dir='ltr'><strong>residuum</strong></span> <span class='ocrx_word' id='word_1_92' title='bbox 2058 992 2190 1046; x_wconf 87' lang='lat'><strong>=1,</strong></span> <span class='ocrx_word' id='word_1_93' title='bbox 2237 1005 2392 1037; x_wconf 91' lang='lat' dir='ltr'><strong>omnes</strong></span> <span class='ocrx_word' id='word_1_94' title='bbox 2440 993 2537 1055; x_wconf 86' lang='lat' dir='ltr'><strong>ejus</strong></span> <span class='ocrx_word' id='word_1_95' title='bbox 2586 1002 2832 1056; x_wconf 83' lang='lat' dir='ltr'><strong>potestates</strong></span> 
     </span>
     <span class='ocr_line' id='line_1_9' title="bbox 141 1077 2831 1144; baseline 0.001 -12"><span class='ocrx_word' id='word_1_96' title='bbox 141 1085 227 1144; x_wconf 71' lang='lat' dir='ltr'><strong>A2,</strong></span> <span class='ocrx_word' id='word_1_97' title='bbox 262 1082 344 1142; x_wconf 65' lang='lat'><strong>21⁸,</strong></span> <span class='ocrx_word' id='word_1_98' title='bbox 379 1081 463 1140; x_wconf 83' lang='lat' dir='ltr'><strong>A⁴,</strong></span> <span class='ocrx_word' id='word_1_99' title='bbox 496 1090 584 1129; x_wconf 90' lang='lat' dir='ltr'><strong>etc.</strong></span> <span class='ocrx_word' id='word_1_100' title='bbox 622 1097 701 1144; x_wconf 90' lang='lat' dir='ltr'><strong>per</strong></span> <span class='ocrx_word' id='word_1_101' title='bbox 734 1079 926 1128; x_wconf 90' lang='lat' dir='ltr'><strong>eundem</strong></span> <span class='ocrx_word' id='word_1_102' title='bbox 971 1078 1213 1125; x_wconf 88' lang='lat' dir='ltr'><strong>divisorem</strong></span> <span class='ocrx_word' id='word_1_103' title='bbox 1246 1079 1280 1125; x_wconf 81' lang='lat' dir='ltr'><strong>d</strong></span> <span class='ocrx_word' id='word_1_104' title='bbox 1314 1077 1445 1125; x_wconf 90' lang='lat' dir='ltr'><strong>divisi</strong></span> <span class='ocrx_word' id='word_1_105' title='bbox 1494 1078 1612 1125; x_wconf 90' lang='lat' dir='ltr'><strong>idem</strong></span> <span class='ocrx_word' id='word_1_106' title='bbox 1659 1080 1891 1127; x_wconf 89' lang='lat' dir='ltr'><strong>residuum</strong></span> <span class='ocrx_word' id='word_1_107' title='bbox 1941 1082 2194 1144; x_wconf 87' lang='lat' dir='ltr'><strong>relinquent</strong></span> <span class='ocrx_word' id='word_1_108' title='bbox 2228 1105 2290 1125; x_wconf 91' lang='lat'><strong><em>=</em></strong></span> <span class='ocrx_word' id='word_1_109' title='bbox 2315 1088 2353 1130; x_wconf 91' lang='grc'><strong>1.</strong></span> <span class='ocrx_word' id='word_1_110' title='bbox 2422 1085 2486 1131; x_wconf 88' lang='lat' dir='ltr'><strong>At</strong></span> <span class='ocrx_word' id='word_1_111' title='bbox 2525 1088 2563 1132; x_wconf 90' lang='lat' dir='ltr'><strong>si</strong></span> <span class='ocrx_word' id='word_1_112' title='bbox 2603 1087 2831 1134; x_wconf 91' lang='lat' dir='ltr'><strong>residuum</strong></span> 
     </span>
     <span class='ocr_line' id='line_1_10' title="bbox 142 1171 2835 1237; baseline 0.001 -14"><span class='ocrx_word' id='word_1_113' title='bbox 142 1182 313 1228; x_wconf 87' lang='lat' dir='ltr'><strong>numeri</strong></span> <span class='ocrx_word' id='word_1_114' title='bbox 350 1178 396 1229; x_wconf 85' lang='grc' dir='ltr'><em>Α</em></span> <span class='ocrx_word' id='word_1_115' title='bbox 428 1179 488 1224; x_wconf 90' lang='lat' dir='ltr'><strong>sit</strong></span> <span class='ocrx_word' id='word_1_116' title='bbox 519 1201 584 1212; x_wconf 90' lang='lat'>-</span> <span class='ocrx_word' id='word_1_117' title='bbox 607 1180 654 1233; x_wconf 92' lang='grc'><strong>1,</strong></span> <span class='ocrx_word' id='word_1_118' title='bbox 688 1173 995 1237; x_wconf 83' lang='lat' dir='ltr'><strong>aequipollens</strong></span> <span class='ocrx_word' id='word_1_119' title='bbox 1028 1174 1110 1235; x_wconf 90' lang='lat' dir='ltr'><strong>ipsi</strong></span> <span class='ocrx_word' id='word_1_120' title='bbox 1145 1173 1257 1219; x_wconf 80' lang='lat' dir='ltr'><strong>d—</strong></span> <span class='ocrx_word' id='word_1_121' title='bbox 1281 1175 1327 1230; x_wconf 91' lang='grc'><strong>1,</strong></span> <span class='ocrx_word' id='word_1_122' title='bbox 1380 1179 1656 1235; x_wconf 88' lang='lat' dir='ltr'><strong>potestatum</strong></span> <span class='ocrx_word' id='word_1_123' title='bbox 1691 1175 1864 1236; x_wconf 88' lang='lat' dir='ltr'><strong>parium</strong></span> <span class='ocrx_word' id='word_1_124' title='bbox 1897 1171 1978 1232; x_wconf 57' lang='lat'><strong>11²,</strong></span> <span class='ocrx_word' id='word_1_125' title='bbox 2015 1173 2098 1234; x_wconf 78' lang='lat' dir='ltr'><strong>A⁴,</strong></span> <span class='ocrx_word' id='word_1_126' title='bbox 2135 1175 2216 1231; x_wconf 69' lang='lat' dir='ltr'><strong>A0,</strong></span> <span class='ocrx_word' id='word_1_127' title='bbox 2252 1175 2334 1236; x_wconf 71' lang='lat' dir='ltr'><strong>A‘,</strong></span> <span class='ocrx_word' id='word_1_128' title='bbox 2370 1186 2458 1225; x_wconf 88' lang='lat' dir='ltr'><strong>etc.</strong></span> <span class='ocrx_word' id='word_1_129' title='bbox 2491 1179 2669 1227; x_wconf 90' lang='lat' dir='ltr'><strong>residua</strong></span> <span class='ocrx_word' id='word_1_130' title='bbox 2702 1188 2835 1227; x_wconf 90' lang='lat' dir='ltr'><strong>erunt</strong></span> 
     </span>
     <span class='ocr_line' id='line_1_11' title="bbox 144 1271 875 1334; baseline -0.01 -14"><span class='ocrx_word' id='word_1_131' title='bbox 144 1272 280 1330; x_wconf 68' lang='grc'><strong>-1-1,</strong></span> <span class='ocrx_word' id='word_1_132' title='bbox 317 1272 552 1334; x_wconf 88' lang='lat' dir='ltr'><strong>imparium</strong></span> <span class='ocrx_word' id='word_1_133' title='bbox 587 1284 697 1316; x_wconf 89' lang='lat' dir='ltr'><strong>vero</strong></span> <span class='ocrx_word' id='word_1_134' title='bbox 731 1295 792 1302; x_wconf 91' lang='lat'>—</span> <span class='ocrx_word' id='word_1_135' title='bbox 836 1271 875 1314; x_wconf 92' lang='grc'><strong>1.</strong></span> 
     </span>
    </p>

    <p class='ocr_par' dir='ltr' id='par_1_4' title="bbox 140 1358 2833 1615">
     <span class='ocr_line' id='line_1_12' title="bbox 277 1358 2832 1424; baseline 0.001 -15"><span class='ocrx_word' id='word_1_136' title='bbox 277 1367 385 1415; x_wconf 82' lang='grc'><strong>166.</strong></span> <span class='ocrx_word' id='word_1_137' title='bbox 451 1363 654 1424; x_wconf 88' lang='lat' dir='ltr'><strong>Denique</strong></span> <span class='ocrx_word' id='word_1_138' title='bbox 705 1359 955 1407; x_wconf 88' lang='lat' dir='ltr'><strong>notandum</strong></span> <span class='ocrx_word' id='word_1_139' title='bbox 1002 1366 1094 1417; x_wconf 88' lang='lat' dir='ltr'><strong>est,</strong></span> <span class='ocrx_word' id='word_1_140' title='bbox 1149 1361 1186 1406; x_wconf 91' lang='lat' dir='ltr'><strong>si</strong></span> <span class='ocrx_word' id='word_1_141' title='bbox 1227 1374 1440 1406; x_wconf 88' lang='lat' dir='ltr'><strong>numerus</strong></span> <span class='ocrx_word' id='word_1_142' title='bbox 1472 1358 1517 1406; x_wconf 88' lang='grc' dir='ltr'><em>Α</em></span> <span class='ocrx_word' id='word_1_143' title='bbox 1558 1375 1636 1422; x_wconf 90' lang='lat' dir='ltr'><strong>per</strong></span> <span class='ocrx_word' id='word_1_144' title='bbox 1677 1360 1710 1406; x_wconf 78' lang='lat' dir='ltr'><em>d</em></span> <span class='ocrx_word' id='word_1_145' title='bbox 1744 1360 1913 1408; x_wconf 90' lang='lat' dir='ltr'><strong>divisus</strong></span> <span class='ocrx_word' id='word_1_146' title='bbox 1963 1361 2173 1424; x_wconf 89' lang='lat' dir='ltr'><strong>praebeat</strong></span> <span class='ocrx_word' id='word_1_147' title='bbox 2221 1362 2450 1410; x_wconf 91' lang='lat' dir='ltr'><strong>residuum</strong></span> <span class='ocrx_word' id='word_1_148' title='bbox 2494 1382 2547 1422; x_wconf 89' lang='grc' dir='ltr'><strong>α,</strong></span> <span class='ocrx_word' id='word_1_149' title='bbox 2597 1372 2694 1412; x_wconf 92' lang='lat' dir='ltr'><strong>tum</strong></span> <span class='ocrx_word' id='word_1_150' title='bbox 2737 1363 2832 1413; x_wconf 81' lang='lat' dir='ltr'><strong>fore</strong></span> 
     </span>
     <span class='ocr_line' id='line_1_13' title="bbox 140 1452 2833 1524; baseline 0.001 -22"><span class='ocrx_word' id='word_1_151' title='bbox 140 1461 187 1511; x_wconf 79' lang='lat' dir='ltr'><em>A</em></span> <span class='ocrx_word' id='word_1_152' title='bbox 206 1487 268 1499; x_wconf 86' lang='lat'><em>—</em></span> <span class='ocrx_word' id='word_1_153' title='bbox 289 1479 321 1507; x_wconf 80' lang='grc' dir='ltr'><strong><em>α</em></strong></span> <span class='ocrx_word' id='word_1_154' title='bbox 352 1477 451 1524; x_wconf 77' lang='lat' dir='ltr'><strong>per·</strong></span> <span class='ocrx_word' id='word_1_155' title='bbox 474 1471 708 1505; x_wconf 86' lang='lat' dir='ltr'><strong>numerum</strong></span> <span class='ocrx_word' id='word_1_156' title='bbox 750 1455 784 1502; x_wconf 80' lang='lat' dir='ltr'>d</span> <span class='ocrx_word' id='word_1_157' title='bbox 824 1453 1059 1502; x_wconf 88' lang='lat' dir='ltr'><strong>divisibile.</strong></span> <span class='ocrx_word' id='word_1_158' title='bbox 1138 1453 1270 1502; x_wconf 89' lang='lat' dir='ltr'><strong>Unde</strong></span> <span class='ocrx_word' id='word_1_159' title='bbox 1322 1469 1427 1501; x_wconf 93' lang='lat' dir='ltr'><strong>cum</strong></span> <span class='ocrx_word' id='word_1_160' title='bbox 1469 1452 1538 1501; x_wconf 66' lang='lat' dir='ltr'><strong>An</strong></span> <span class='ocrx_word' id='word_1_161' title='bbox 1580 1469 1660 1517; x_wconf 89' lang='lat' dir='ltr'><strong>pro</strong></span> <span class='ocrx_word' id='word_1_162' title='bbox 1703 1454 1898 1503; x_wconf 90' lang='lat' dir='ltr'><strong>divisore</strong></span> <span class='ocrx_word' id='word_1_163' title='bbox 1942 1456 1975 1502; x_wconf 81' lang='lat' dir='ltr'><strong>d</strong></span> <span class='ocrx_word' id='word_1_164' title='bbox 2024 1455 2102 1502; x_wconf 89' lang='lat' dir='ltr'><strong>det</strong></span> <span class='ocrx_word' id='word_1_165' title='bbox 2143 1456 2372 1504; x_wconf 90' lang='lat' dir='ltr'><strong>residuum</strong></span> <span class='ocrx_word' id='word_1_166' title='bbox 2414 1458 2483 1515; x_wconf 84' lang='grc' dir='ltr'><strong>α”,</strong></span> <span class='ocrx_word' id='word_1_167' title='bbox 2527 1460 2613 1505; x_wconf 88' lang='lat' dir='ltr'><strong>erit</strong></span> <span class='ocrx_word' id='word_1_168' title='bbox 2653 1474 2833 1522; x_wconf 90' lang='lat' dir='ltr'><strong>quoque</strong></span> 
     </span>
     <span class='ocr_line' id='line_1_14' title="bbox 140 1549 816 1615; baseline -0.01 -13"><span class='ocrx_word' id='word_1_169' title='bbox 140 1552 363 1602; x_wconf 80' lang='lat' dir='ltr'><strong>A&#39;⁸—oe&#39;&#39;</strong></span> <span class='ocrx_word' id='word_1_170' title='bbox 395 1566 476 1615; x_wconf 89' lang='lat' dir='ltr'><strong>per</strong></span> <span class='ocrx_word' id='word_1_171' title='bbox 509 1550 543 1598; x_wconf 80' lang='lat' dir='ltr'><strong>d</strong></span> <span class='ocrx_word' id='word_1_172' title='bbox 576 1549 816 1597; x_wconf 86' lang='lat' dir='ltr'><strong>divisibile.</strong></span> 
     </span>
    </p>
   </div>
   <div class='ocr_carea' id='block_1_4' title="bbox 1414 1661 1547 1674">
    <p class='ocr_par' dir='ltr' id='par_1_5' title="bbox 1414 1661 1547 1674">
     <span class='ocr_line' id='line_1_15' title="bbox 1414 1661 1547 1674; baseline 0 0"><span class='ocrx_word' id='word_1_173' title='bbox 1414 1661 1547 1674; x_wconf 55' lang='lat' dir='ltr'><strong>e-</strong></span> 
     </span>
    </p>
   </div>
   <div class='ocr_carea' id='block_1_5' title="bbox 1311 1785 1664 1838">
    <p class='ocr_par' dir='ltr' id='par_1_6' title="bbox 1311 1785 1664 1838">
     <span class='ocr_line' id='line_1_16' title="bbox 1311 1785 1664 1838; baseline -0.003 -10"><span class='ocrx_word' id='word_1_174' title='bbox 1311 1786 1526 1838; x_wconf 73' lang='lat' dir='ltr'><strong>caput</strong></span> <span class='ocrx_word' id='word_1_175' title='bbox 1565 1785 1664 1827; x_wconf 76' lang='lat' dir='ltr'><strong>Vl.</strong></span> 
     </span>
    </p>
   </div>
   <div class='ocr_carea' id='block_1_6' title="bbox 649 1898 2305 1953">
    <p class='ocr_par' dir='ltr' id='par_1_7' title="bbox 649 1898 2305 1953">
     <span class='ocr_line' id='line_1_17' title="bbox 649 1898 2305 1953; baseline 0 -11"><span class='ocrx_word' id='word_1_176' title='bbox 649 1902 709 1942; x_wconf 88' lang='lat' dir='ltr'><strong>De</strong></span> <span class='ocrx_word' id='word_1_177' title='bbox 737 1900 914 1942; x_wconf 81' lang='lat' dir='ltr'><strong>residuis</strong></span> <span class='ocrx_word' id='word_1_178' title='bbox 941 1913 993 1941; x_wconf 84' lang='lat' dir='ltr'><strong>ex</strong></span> <span class='ocrx_word' id='word_1_179' title='bbox 1023 1898 1225 1941; x_wconf 89' lang='lat' dir='ltr'><strong>divisione</strong></span> <span class='ocrx_word' id='word_1_180' title='bbox 1255 1899 1525 1941; x_wconf 89' lang='lat' dir='ltr'><strong>terminorum</strong></span> <span class='ocrx_word' id='word_1_181' title='bbox 1554 1898 1850 1953; x_wconf 85' lang='lat' dir='ltr'><strong>progressionis</strong></span> <span class='ocrx_word' id='word_1_182' title='bbox 1878 1898 2161 1941; x_wconf 85' lang='lat' dir='ltr'><strong>arithmeticae</strong></span> <span class='ocrx_word' id='word_1_183' title='bbox 2191 1903 2305 1943; x_wconf 85' lang='lat' dir='ltr'><strong>ortis.</strong></span> 
     </span>
    </p>
   </div>
   <div class='ocr_carea' id='block_1_7' title="bbox 139 2014 2832 2455">
    <p class='ocr_par' dir='ltr' id='par_1_8' title="bbox 139 2014 2832 2359">
     <span class='ocr_line' id='line_1_18' title="bbox 277 2014 2829 2085; baseline -0.002 -20"><span class='ocrx_word' id='word_1_184' title='bbox 277 2019 382 2065; x_wconf 86' lang='grc'><strong>167.</strong></span> <span class='ocrx_word' id='word_1_185' title='bbox 450 2016 717 2078; x_wconf 86' lang='lat' dir='ltr'><strong>Incipiamus</strong></span> <span class='ocrx_word' id='word_1_186' title='bbox 748 2030 774 2062; x_wconf 89' lang='lat' dir='ltr'><strong>a</strong></span> <span class='ocrx_word' id='word_1_187' title='bbox 809 2016 924 2061; x_wconf 92' lang='lat' dir='ltr'><strong>serie</strong></span> <span class='ocrx_word' id='word_1_188' title='bbox 966 2029 1254 2085; x_wconf 88' lang='lat' dir='ltr'><strong>numerorum</strong></span> <span class='ocrx_word' id='word_1_189' title='bbox 1295 2014 1589 2069; x_wconf 88' lang='lat' dir='ltr'><strong>naturalium,</strong></span> <span class='ocrx_word' id='word_1_190' title='bbox 1641 2014 1772 2076; x_wconf 90' lang='lat' dir='ltr'><strong>cujus</strong></span> <span class='ocrx_word' id='word_1_191' title='bbox 1812 2015 1988 2060; x_wconf 86' lang='lat' dir='ltr'><strong>termini</strong></span> <span class='ocrx_word' id='word_1_192' title='bbox 2037 2018 2077 2070; x_wconf 84' lang='lat'><strong>1,</strong></span> <span class='ocrx_word' id='word_1_193' title='bbox 2113 2016 2160 2066; x_wconf 77' lang='lat'><strong>2,</strong></span> <span class='ocrx_word' id='word_1_194' title='bbox 2195 2016 2241 2072; x_wconf 89' lang='grc'><strong>3,</strong></span> <span class='ocrx_word' id='word_1_195' title='bbox 2277 2017 2320 2073; x_wconf 58' lang='grc' dir='ltr'><strong>ἵει,</strong></span> <span class='ocrx_word' id='word_1_196' title='bbox 2357 2021 2445 2062; x_wconf 91' lang='lat' dir='ltr'><strong>etc.</strong></span> <span class='ocrx_word' id='word_1_197' title='bbox 2481 2031 2561 2077; x_wconf 89' lang='lat' dir='ltr'><strong>per</strong></span> <span class='ocrx_word' id='word_1_198' title='bbox 2594 2014 2829 2062; x_wconf 87' lang='lat' dir='ltr'><strong>divisorem</strong></span> 
     </span>
     <span class='ocr_line' id='line_1_19' title="bbox 139 2107 2832 2176; baseline -0.003 -15"><span class='ocrx_word' id='word_1_199' title='bbox 139 2127 450 2176; x_wconf 83' lang='lat' dir='ltr'><strong>quemcunque</strong></span> <span class='ocrx_word' id='word_1_200' title='bbox 484 2111 518 2157; x_wconf 79' lang='lat' dir='ltr'><strong>d</strong></span> <span class='ocrx_word' id='word_1_201' title='bbox 555 2109 709 2167; x_wconf 89' lang='lat' dir='ltr'><strong>divisi,</strong></span> <span class='ocrx_word' id='word_1_202' title='bbox 744 2108 918 2156; x_wconf 88' lang='lat' dir='ltr'><strong>dabunt</strong></span> <span class='ocrx_word' id='word_1_203' title='bbox 948 2108 1127 2156; x_wconf 88' lang='lat' dir='ltr'><strong>residua</strong></span> <span class='ocrx_word' id='word_1_204' title='bbox 1163 2111 1214 2166; x_wconf 92' lang='lat'><strong>1,</strong></span> <span class='ocrx_word' id='word_1_205' title='bbox 1250 2111 1305 2166; x_wconf 83' lang='lat'><strong>2,</strong></span> <span class='ocrx_word' id='word_1_206' title='bbox 1341 2109 1395 2160; x_wconf 90' lang='grc'><strong>3,</strong></span> <span class='ocrx_word' id='word_1_207' title='bbox 1429 2111 1480 2164; x_wconf 63' lang='lat' dir='ltr'><strong>lt,</strong></span> <span class='ocrx_word' id='word_1_208' title='bbox 1515 2114 1602 2154; x_wconf 90' lang='lat' dir='ltr'><strong>etc.</strong></span> <span class='ocrx_word' id='word_1_209' title='bbox 1655 2107 1802 2154; x_wconf 91' lang='lat' dir='ltr'><strong>donec</strong></span> <span class='ocrx_word' id='word_1_210' title='bbox 1837 2108 2128 2168; x_wconf 88' lang='lat' dir='ltr'><strong>perveniatur</strong></span> <span class='ocrx_word' id='word_1_211' title='bbox 2159 2107 2218 2154; x_wconf 86' lang='lat' dir='ltr'><strong>ad</strong></span> <span class='ocrx_word' id='word_1_212' title='bbox 2251 2110 2492 2155; x_wconf 89' lang='lat' dir='ltr'><strong>terminum</strong></span> <span class='ocrx_word' id='word_1_213' title='bbox 2526 2108 2582 2164; x_wconf 83' lang='lat' dir='ltr'><strong>d,</strong></span> <span class='ocrx_word' id='word_1_214' title='bbox 2616 2110 2689 2154; x_wconf 88' lang='lat' dir='ltr'><strong>cui</strong></span> <span class='ocrx_word' id='word_1_215' title='bbox 2720 2110 2832 2154; x_wconf 89' lang='lat' dir='ltr'><strong>resi-</strong></span> 
     </span>
     <span class='ocr_line' id='line_1_20' title="bbox 141 2199 2828 2263; baseline -0.003 -8"><span class='ocrx_word' id='word_1_216' title='bbox 141 2207 281 2255; x_wconf 90' lang='lat' dir='ltr'><strong>duum</strong></span> <span class='ocrx_word' id='word_1_217' title='bbox 323 2207 536 2253; x_wconf 89' lang='lat' dir='ltr'><strong>convenit</strong></span> <span class='ocrx_word' id='word_1_218' title='bbox 569 2204 704 2260; x_wconf 88' lang='lat'><strong>=0,</strong></span> <span class='ocrx_word' id='word_1_219' title='bbox 755 2209 991 2263; x_wconf 88' lang='lat' dir='ltr'><strong>sequentes</strong></span> <span class='ocrx_word' id='word_1_220' title='bbox 1036 2217 1140 2248; x_wconf 91' lang='lat' dir='ltr'><strong>vero</strong></span> <span class='ocrx_word' id='word_1_221' title='bbox 1179 2202 1361 2247; x_wconf 84' lang='lat' dir='ltr'><strong>termini</strong></span> <span class='ocrx_word' id='word_1_222' title='bbox 1404 2201 1518 2247; x_wconf 71' lang='grc'><strong>(1-1-</strong></span> <span class='ocrx_word' id='word_1_223' title='bbox 1540 2202 1592 2254; x_wconf 86' lang='grc'><strong>1,</strong></span> <span class='ocrx_word' id='word_1_224' title='bbox 1643 2201 1827 2256; x_wconf 79' lang='grc' dir='ltr'><strong>ἀ-ι-2,</strong></span> <span class='ocrx_word' id='word_1_225' title='bbox 1878 2200 2064 2257; x_wconf 75' lang='grc' dir='ltr'><strong>ἆ-ι-3,</strong></span> <span class='ocrx_word' id='word_1_226' title='bbox 2115 2207 2203 2247; x_wconf 90' lang='lat' dir='ltr'><strong>etc.</strong></span> <span class='ocrx_word' id='word_1_227' title='bbox 2246 2200 2407 2248; x_wconf 92' lang='lat' dir='ltr'><strong>eodem</strong></span> <span class='ocrx_word' id='word_1_228' title='bbox 2449 2200 2607 2248; x_wconf 90' lang='lat' dir='ltr'><strong>ordine</strong></span> <span class='ocrx_word' id='word_1_229' title='bbox 2649 2199 2828 2247; x_wconf 89' lang='lat' dir='ltr'><strong>residua</strong></span> 
     </span>
     <span class='ocr_line' id='line_1_21' title="bbox 144 2293 2387 2359; baseline -0.004 -9"><span class='ocrx_word' id='word_1_230' title='bbox 144 2307 189 2352; x_wconf 77' lang='grc'><strong>1.</strong></span> <span class='ocrx_word' id='word_1_231' title='bbox 223 2303 270 2357; x_wconf 82' lang='lat'><strong>2,</strong></span> <span class='ocrx_word' id='word_1_232' title='bbox 305 2302 350 2359; x_wconf 84' lang='lat'><strong>3,</strong></span> <span class='ocrx_word' id='word_1_233' title='bbox 383 2307 471 2347; x_wconf 80' lang='lat' dir='ltr'><strong>etc,</strong></span> <span class='ocrx_word' id='word_1_234' title='bbox 504 2297 711 2354; x_wconf 89' lang='lat' dir='ltr'><strong>reddent,</strong></span> <span class='ocrx_word' id='word_1_235' title='bbox 747 2312 887 2358; x_wconf 90' lang='lat' dir='ltr'><strong>usque</strong></span> <span class='ocrx_word' id='word_1_236' title='bbox 922 2295 981 2343; x_wconf 93' lang='lat' dir='ltr'><strong>ad</strong></span> <span class='ocrx_word' id='word_1_237' title='bbox 1012 2296 1106 2353; x_wconf 74' lang='lat'><strong>201,</strong></span> <span class='ocrx_word' id='word_1_238' title='bbox 1142 2295 1275 2358; x_wconf 90' lang='lat' dir='ltr'><strong>cujus</strong></span> <span class='ocrx_word' id='word_1_239' title='bbox 1308 2293 1538 2341; x_wconf 91' lang='lat' dir='ltr'><strong>residuum</strong></span> <span class='ocrx_word' id='word_1_240' title='bbox 1573 2296 1735 2341; x_wconf 88' lang='lat' dir='ltr'><strong>iterum</strong></span> <span class='ocrx_word' id='word_1_241' title='bbox 1770 2296 2024 2351; x_wconf 89' lang='lat' dir='ltr'><strong>evanescit,</strong></span> <span class='ocrx_word' id='word_1_242' title='bbox 2058 2301 2103 2340; x_wconf 86' lang='lat' dir='ltr'><strong>et</strong></span> <span class='ocrx_word' id='word_1_243' title='bbox 2140 2296 2203 2340; x_wconf 90' lang='lat' dir='ltr'><strong>ita</strong></span> <span class='ocrx_word' id='word_1_244' title='bbox 2236 2310 2387 2356; x_wconf 91' lang='lat' dir='ltr'><strong>porro.</strong></span> 
     </span>
    </p>

    <p class='ocr_par' dir='ltr' id='par_1_9' title="bbox 263 2388 1849 2455">
     <span class='ocr_line' id='line_1_22' title="bbox 263 2388 1849 2455; baseline -0.006 -14"><span class='ocrx_word' id='word_1_245' title='bbox 263 2395 384 2441; x_wconf 66' lang='lat'><strong>468.</strong></span> <span class='ocrx_word' id='word_1_246' title='bbox 453 2393 525 2441; x_wconf 91' lang='lat' dir='ltr'><strong>Sit</strong></span> <span class='ocrx_word' id='word_1_247' title='bbox 548 2392 645 2455; x_wconf 88' lang='lat' dir='ltr'><strong>jam</strong></span> <span class='ocrx_word' id='word_1_248' title='bbox 677 2392 906 2453; x_wconf 90' lang='lat' dir='ltr'><strong>proposita</strong></span> <span class='ocrx_word' id='word_1_249' title='bbox 942 2391 1201 2452; x_wconf 86' lang='lat' dir='ltr'><strong>progressio</strong></span> <span class='ocrx_word' id='word_1_250' title='bbox 1235 2388 1520 2435; x_wconf 89' lang='lat' dir='ltr'><strong>arithmetica</strong></span> <span class='ocrx_word' id='word_1_251' title='bbox 1554 2402 1849 2449; x_wconf 81' lang='lat' dir='ltr'><strong>quaecunque</strong></span> 
     </span>
    </p>
   </div>
   <div class='ocr_carea' id='block_1_8' title="bbox 735 2496 2231 2557">
    <p class='ocr_par' dir='ltr' id='par_1_10' title="bbox 735 2496 2231 2557">
     <span class='ocr_line' id='line_1_23' title="bbox 735 2496 2231 2557; baseline -0.003 -12"><span class='ocrx_word' id='word_1_252' title='bbox 735 2514 786 2557; x_wconf 87' lang='lat' dir='ltr'><strong>a,</strong></span> <span class='ocrx_word' id='word_1_253' title='bbox 836 2499 1014 2556; x_wconf 74' lang='lat' dir='ltr'><strong>a÷b‚</strong></span> <span class='ocrx_word' id='word_1_254' title='bbox 1064 2497 1284 2551; x_wconf 68' lang='lat' dir='ltr'><strong>a-1—2b,</strong></span> <span class='ocrx_word' id='word_1_255' title='bbox 1332 2497 1557 2552; x_wconf 76' lang='grc' dir='ltr'><strong>α-1-3ὁ,</strong></span> <span class='ocrx_word' id='word_1_256' title='bbox 1607 2496 1824 2552; x_wconf 70' lang='grc' dir='ltr'><strong>α-ι-ῐώ,</strong></span> <span class='ocrx_word' id='word_1_257' title='bbox 1876 2497 2093 2552; x_wconf 71' lang='grc' dir='ltr'><strong>α-1-5ῠ,</strong></span> <span class='ocrx_word' id='word_1_258' title='bbox 2143 2503 2231 2542; x_wconf 91' lang='lat' dir='ltr'><strong>etc.</strong></span> 
     </span>
    </p>
   </div>
   <div class='ocr_carea' id='block_1_9' title="bbox 138 2599 2831 3138">
    <p class='ocr_par' dir='ltr' id='par_1_11' title="bbox 139 2599 2831 2854">
     <span class='ocr_line' id='line_1_24' title="bbox 142 2599 2830 2674; baseline -0.005 -17"><span class='ocrx_word' id='word_1_259' title='bbox 142 2611 272 2674; x_wconf 88' lang='lat' dir='ltr'><strong>cujus</strong></span> <span class='ocrx_word' id='word_1_260' title='bbox 306 2608 471 2671; x_wconf 85' lang='lat' dir='ltr'><strong>singuli</strong></span> <span class='ocrx_word' id='word_1_261' title='bbox 506 2609 685 2654; x_wconf 89' lang='lat' dir='ltr'><strong>termini</strong></span> <span class='ocrx_word' id='word_1_262' title='bbox 725 2621 805 2669; x_wconf 90' lang='lat' dir='ltr'><strong>per</strong></span> <span class='ocrx_word' id='word_1_263' title='bbox 844 2605 1086 2653; x_wconf 92' lang='lat' dir='ltr'><strong>divisorem</strong></span> <span class='ocrx_word' id='word_1_264' title='bbox 1120 2605 1154 2651; x_wconf 86' lang='lat' dir='ltr'><strong>d</strong></span> <span class='ocrx_word' id='word_1_265' title='bbox 1188 2603 1467 2661; x_wconf 89' lang='lat' dir='ltr'><strong>dividantur,</strong></span> <span class='ocrx_word' id='word_1_266' title='bbox 1508 2611 1558 2649; x_wconf 89' lang='lat' dir='ltr'><strong>et</strong></span> <span class='ocrx_word' id='word_1_267' title='bbox 1590 2619 1642 2649; x_wconf 89' lang='lat' dir='ltr'><strong>ex</strong></span> <span class='ocrx_word' id='word_1_268' title='bbox 1682 2605 1828 2665; x_wconf 89' lang='lat' dir='ltr'><strong>primo</strong></span> <span class='ocrx_word' id='word_1_269' title='bbox 1873 2605 2018 2650; x_wconf 89' lang='lat' dir='ltr'><strong>oritur</strong></span> <span class='ocrx_word' id='word_1_270' title='bbox 2058 2602 2287 2649; x_wconf 90' lang='lat' dir='ltr'><strong>residuum</strong></span> <span class='ocrx_word' id='word_1_271' title='bbox 2321 2617 2373 2658; x_wconf 86' lang='lat' dir='ltr'><strong>a,</strong></span> <span class='ocrx_word' id='word_1_272' title='bbox 2414 2601 2540 2664; x_wconf 92' lang='lat' dir='ltr'><strong>quod</strong></span> <span class='ocrx_word' id='word_1_273' title='bbox 2573 2599 2693 2646; x_wconf 90' lang='lat' dir='ltr'><strong>idem</strong></span> <span class='ocrx_word' id='word_1_274' title='bbox 2726 2605 2830 2645; x_wconf 89' lang='lat' dir='ltr'><strong>ante</strong></span> 
     </span>
     <span class='ocr_line' id='line_1_25' title="bbox 139 2694 2831 2763; baseline -0.005 -13"><span class='ocrx_word' id='word_1_275' title='bbox 139 2717 231 2750; x_wconf 88' lang='lat' dir='ltr'><strong>non</strong></span> <span class='ocrx_word' id='word_1_276' title='bbox 264 2709 488 2757; x_wconf 91' lang='lat' dir='ltr'><strong>recurret,</strong></span> <span class='ocrx_word' id='word_1_277' title='bbox 521 2715 655 2763; x_wconf 90' lang='lat' dir='ltr'><strong>quam</strong></span> <span class='ocrx_word' id='word_1_278' title='bbox 687 2700 974 2762; x_wconf 86' lang='lat' dir='ltr'><strong>perveniatur</strong></span> <span class='ocrx_word' id='word_1_279' title='bbox 999 2697 1058 2745; x_wconf 90' lang='lat' dir='ltr'><strong>ad</strong></span> <span class='ocrx_word' id='word_1_280' title='bbox 1091 2699 1332 2744; x_wconf 90' lang='lat' dir='ltr'><strong>terminum</strong></span> <span class='ocrx_word' id='word_1_281' title='bbox 1364 2711 1395 2742; x_wconf 85' lang='lat' dir='ltr'><strong>a</strong></span> <span class='ocrx_word' id='word_1_282' title='bbox 1411 2712 1477 2743; x_wconf 87' lang='grc' dir='ltr'><strong>-ι-</strong></span> <span class='ocrx_word' id='word_1_283' title='bbox 1494 2696 1575 2754; x_wconf 84' lang='lat' dir='ltr'><strong>nb,</strong></span> <span class='ocrx_word' id='word_1_284' title='bbox 1609 2696 1739 2758; x_wconf 85' lang='lat' dir='ltr'><strong>cujus</strong></span> <span class='ocrx_word' id='word_1_285' title='bbox 1766 2711 1867 2757; x_wconf 86' lang='lat' dir='ltr'><strong>pars</strong></span> <span class='ocrx_word' id='word_1_286' title='bbox 1900 2696 1959 2741; x_wconf 83' lang='lat' dir='ltr'><strong>nb</strong></span> <span class='ocrx_word' id='word_1_287' title='bbox 1993 2710 2073 2758; x_wconf 93' lang='lat' dir='ltr'><strong>per</strong></span> <span class='ocrx_word' id='word_1_288' title='bbox 2105 2696 2138 2741; x_wconf 79' lang='lat' dir='ltr'><em>d</em></span> <span class='ocrx_word' id='word_1_289' title='bbox 2171 2694 2406 2742; x_wconf 89' lang='lat' dir='ltr'><strong>divisibilis</strong></span> <span class='ocrx_word' id='word_1_290' title='bbox 2432 2696 2615 2750; x_wconf 85' lang='lat' dir='ltr'><strong>existat,</strong></span> <span class='ocrx_word' id='word_1_291' title='bbox 2650 2699 2696 2739; x_wconf 91' lang='lat' dir='ltr'><strong>et</strong></span> <span class='ocrx_word' id='word_1_292' title='bbox 2727 2698 2831 2754; x_wconf 81' lang='lat' dir='ltr'><strong>post</strong></span> 
     </span>
     <span class='ocr_line' id='line_1_26' title="bbox 139 2788 1945 2854; baseline -0.004 -11"><span class='ocrx_word' id='word_1_293' title='bbox 139 2796 263 2843; x_wconf 87' lang='lat' dir='ltr'><strong>hunc</strong></span> <span class='ocrx_word' id='word_1_294' title='bbox 294 2796 535 2841; x_wconf 89' lang='lat' dir='ltr'><strong>terminum</strong></span> <span class='ocrx_word' id='word_1_295' title='bbox 564 2790 743 2839; x_wconf 87' lang='lat' dir='ltr'><strong>residua</strong></span> <span class='ocrx_word' id='word_1_296' title='bbox 776 2791 936 2839; x_wconf 91' lang='lat' dir='ltr'><strong>eodem</strong></span> <span class='ocrx_word' id='word_1_297' title='bbox 970 2791 1126 2839; x_wconf 90' lang='lat' dir='ltr'><strong>ordine</strong></span> <span class='ocrx_word' id='word_1_298' title='bbox 1161 2790 1411 2854; x_wconf 89' lang='lat' dir='ltr'><strong>prodibunt</strong></span> <span class='ocrx_word' id='word_1_299' title='bbox 1442 2797 1576 2853; x_wconf 89' lang='lat' dir='ltr'><strong>atque</strong></span> <span class='ocrx_word' id='word_1_300' title='bbox 1609 2790 1666 2836; x_wconf 91' lang='lat' dir='ltr'><strong>ab</strong></span> <span class='ocrx_word' id='word_1_301' title='bbox 1701 2791 1829 2837; x_wconf 91' lang='lat' dir='ltr'><strong>initio</strong></span> <span class='ocrx_word' id='word_1_302' title='bbox 1865 2788 1945 2851; x_wconf 78' lang='lat'>(*).</span> 
     </span>
    </p>

    <p class='ocr_par' dir='ltr' id='par_1_12' title="bbox 138 2878 2830 3138">
     <span class='ocr_line' id='line_1_27' title="bbox 275 2878 2830 2948; baseline -0.004 -13"><span class='ocrx_word' id='word_1_303' title='bbox 275 2890 383 2937; x_wconf 85' lang='grc'><strong>169.</strong></span> <span class='ocrx_word' id='word_1_304' title='bbox 453 2885 818 2948; x_wconf 67' lang='grc' dir='ltr'><strong>Ρτίωο,(]ιιὶἀοω</strong></span> <span class='ocrx_word' id='word_1_305' title='bbox 850 2887 1001 2933; x_wconf 91' lang='lat' dir='ltr'><strong>statim</strong></span> <span class='ocrx_word' id='word_1_306' title='bbox 1035 2886 1199 2947; x_wconf 91' lang='lat' dir='ltr'><strong>liquet,</strong></span> <span class='ocrx_word' id='word_1_307' title='bbox 1233 2884 1340 2931; x_wconf 86' lang='lat' dir='ltr'><strong>hine</strong></span> <span class='ocrx_word' id='word_1_308' title='bbox 1367 2884 1497 2946; x_wconf 90' lang='lat' dir='ltr'><strong>plura</strong></span> <span class='ocrx_word' id='word_1_309' title='bbox 1526 2883 1702 2930; x_wconf 89' lang='lat' dir='ltr'><strong>diversa</strong></span> <span class='ocrx_word' id='word_1_310' title='bbox 1731 2883 1908 2930; x_wconf 89' lang='lat' dir='ltr'><strong>residua</strong></span> <span class='ocrx_word' id='word_1_311' title='bbox 1942 2883 2156 2930; x_wconf 85' lang='lat' dir='ltr'><strong>resultare</strong></span> <span class='ocrx_word' id='word_1_312' title='bbox 2190 2897 2283 2928; x_wconf 92' lang='lat' dir='ltr'><strong>non</strong></span> <span class='ocrx_word' id='word_1_313' title='bbox 2315 2897 2468 2943; x_wconf 88' lang='lat' dir='ltr'><strong>posse,</strong></span> <span class='ocrx_word' id='word_1_314' title='bbox 2503 2895 2636 2942; x_wconf 89' lang='lat' dir='ltr'><strong>quam</strong></span> <span class='ocrx_word' id='word_1_315' title='bbox 2657 2878 2830 2925; x_wconf 88' lang='lat' dir='ltr'><strong>divisor</strong></span> 
     </span>
     <span class='ocr_line' id='line_1_28' title="bbox 138 2973 2829 3040; baseline -0.004 -10"><span class='ocrx_word' id='word_1_316' title='bbox 138 2983 172 3030; x_wconf 78' lang='lat' dir='ltr'><strong>d</strong></span> <span class='ocrx_word' id='word_1_317' title='bbox 206 2982 434 3029; x_wconf 87' lang='lat' dir='ltr'><strong>contineat</strong></span> <span class='ocrx_word' id='word_1_318' title='bbox 465 2979 674 3026; x_wconf 78' lang='lat' dir='ltr'><strong>unitates·</strong></span> <span class='ocrx_word' id='word_1_319' title='bbox 743 2975 893 3033; x_wconf 88' lang='lat' dir='ltr'><strong>Unde,</strong></span> <span class='ocrx_word' id='word_1_320' title='bbox 927 2979 963 3023; x_wconf 89' lang='lat' dir='ltr'><strong>si</strong></span> <span class='ocrx_word' id='word_1_321' title='bbox 997 2977 1053 3023; x_wconf 90' lang='lat' dir='ltr'><strong>ab</strong></span> <span class='ocrx_word' id='word_1_322' title='bbox 1086 2978 1216 3024; x_wconf 88' lang='lat' dir='ltr'><strong>initio</strong></span> <span class='ocrx_word' id='word_1_323' title='bbox 1245 2977 1340 3040; x_wconf 90' lang='lat' dir='ltr'><strong>jam</strong></span> <span class='ocrx_word' id='word_1_324' title='bbox 1370 2983 1443 3023; x_wconf 89' lang='lat' dir='ltr'><strong>tot</strong></span> <span class='ocrx_word' id='word_1_325' title='bbox 1476 2976 1651 3023; x_wconf 88' lang='lat' dir='ltr'><strong>diversa</strong></span> <span class='ocrx_word' id='word_1_326' title='bbox 1674 2975 1853 3024; x_wconf 89' lang='lat' dir='ltr'><strong>residua</strong></span> <span class='ocrx_word' id='word_1_327' title='bbox 1889 2976 2163 3038; x_wconf 89' lang='lat' dir='ltr'><strong>prodierint,</strong></span> <span class='ocrx_word' id='word_1_328' title='bbox 2194 2991 2375 3023; x_wconf 89' lang='lat' dir='ltr'><strong>necesse</strong></span> <span class='ocrx_word' id='word_1_329' title='bbox 2407 2982 2496 3033; x_wconf 89' lang='lat' dir='ltr'><strong>est,</strong></span> <span class='ocrx_word' id='word_1_330' title='bbox 2531 2983 2585 3023; x_wconf 92' lang='lat' dir='ltr'><strong>ut</strong></span> <span class='ocrx_word' id='word_1_331' title='bbox 2619 2973 2829 3034; x_wconf 90' lang='lat' dir='ltr'><strong>deinceps</strong></span> 
     </span>
     <span class='ocr_line' id='line_1_29' title="bbox 139 3066 2829 3138; baseline -0.005 -15"><span class='ocrx_word' id='word_1_332' title='bbox 139 3076 310 3138; x_wconf 89' lang='lat' dir='ltr'><strong>priores</strong></span> <span class='ocrx_word' id='word_1_333' title='bbox 361 3075 524 3120; x_wconf 91' lang='lat' dir='ltr'><strong>iterum</strong></span> <span class='ocrx_word' id='word_1_334' title='bbox 571 3069 770 3118; x_wconf 87' lang='lat' dir='ltr'><strong>redeant.</strong></span> <span class='ocrx_word' id='word_1_335' title='bbox 838 3070 1022 3133; x_wconf 90' lang='lat' dir='ltr'><strong>Semper</strong></span> <span class='ocrx_word' id='word_1_336' title='bbox 1072 3077 1221 3117; x_wconf 88' lang='lat' dir='ltr'><strong>autem</strong></span> <span class='ocrx_word' id='word_1_337' title='bbox 1270 3071 1490 3117; x_wconf 88' lang='lat' dir='ltr'><strong>terminus</strong></span> <span class='ocrx_word' id='word_1_338' title='bbox 1536 3084 1566 3116; x_wconf 85' lang='lat' dir='ltr'><strong>a</strong></span> <span class='ocrx_word' id='word_1_339' title='bbox 1582 3085 1649 3116; x_wconf 72' lang='grc'><strong>-1-</strong></span> <span class='ocrx_word' id='word_1_340' title='bbox 1665 3069 1748 3126; x_wconf 79' lang='lat' dir='ltr'><strong>db,</strong></span> <span class='ocrx_word' id='word_1_341' title='bbox 1802 3070 1932 3132; x_wconf 92' lang='lat' dir='ltr'><strong>cujus</strong></span> <span class='ocrx_word' id='word_1_342' title='bbox 1979 3068 2111 3115; x_wconf 86' lang='lat' dir='ltr'><strong>index</strong></span> <span class='ocrx_word' id='word_1_343' title='bbox 2152 3075 2223 3115; x_wconf 91' lang='lat' dir='ltr'><strong>est</strong></span> <span class='ocrx_word' id='word_1_344' title='bbox 2255 3069 2370 3115; x_wconf 66' lang='lat' dir='ltr'><strong>d—n-</strong></span> <span class='ocrx_word' id='word_1_345' title='bbox 2392 3074 2440 3126; x_wconf 91' lang='grc'><strong>1,</strong></span> <span class='ocrx_word' id='word_1_346' title='bbox 2483 3068 2602 3115; x_wconf 92' lang='lat' dir='ltr'><strong>idem</strong></span> <span class='ocrx_word' id='word_1_347' title='bbox 2646 3066 2829 3130; x_wconf 89' lang='lat' dir='ltr'><strong>praebet</strong></span> 
     </span>
    </p>
   </div>
   <div class='ocr_carea' id='block_1_10' title="bbox 140 3165 2824 3320">
    <p class='ocr_par' dir='ltr' id='par_1_13' title="bbox 140 3165 2824 3320">
     <span class='ocr_line' id='line_1_30' title="bbox 140 3165 740 3228; baseline -0.007 -14"><span class='ocrx_word' id='word_1_348' title='bbox 140 3165 374 3215; x_wconf 89' lang='lat' dir='ltr'><strong>residuum</strong></span> <span class='ocrx_word' id='word_1_349' title='bbox 407 3181 461 3213; x_wconf 89' lang='lat' dir='ltr'><strong>ac</strong></span> <span class='ocrx_word' id='word_1_350' title='bbox 493 3166 663 3228; x_wconf 88' lang='lat' dir='ltr'><strong>primus</strong></span> <span class='ocrx_word' id='word_1_351' title='bbox 695 3178 740 3210; x_wconf 84' lang='grc' dir='ltr'><strong>α.</strong></span> 
     </span>
     <span class='ocr_line' id='line_1_31' title="bbox 275 3253 2824 3320; baseline -0.002 -16"><span class='ocrx_word' id='word_1_352' title='bbox 275 3261 382 3306; x_wconf 88' lang='grc'><strong>170.</strong></span> <span class='ocrx_word' id='word_1_353' title='bbox 451 3258 499 3306; x_wconf 88' lang='lat' dir='ltr'><strong>Si</strong></span> <span class='ocrx_word' id='word_1_354' title='bbox 541 3253 792 3304; x_wconf 86' lang='lat' dir='ltr'><strong>differentia</strong></span> <span class='ocrx_word' id='word_1_355' title='bbox 832 3258 1161 3320; x_wconf 84' lang='lat' dir='ltr'><strong>progressionis</strong></span> <span class='ocrx_word' id='word_1_356' title='bbox 1194 3257 1222 3302; x_wconf 83' lang='lat' dir='ltr'><strong><em>b</em></strong></span> <span class='ocrx_word' id='word_1_357' title='bbox 1257 3255 1390 3304; x_wconf 87' lang='lat' dir='ltr'><strong>suerit</strong></span> <span class='ocrx_word' id='word_1_358' title='bbox 1422 3254 1569 3303; x_wconf 82' lang='lat' dir='ltr'><strong>factor</strong></span> <span class='ocrx_word' id='word_1_359' title='bbox 1602 3255 1811 3303; x_wconf 92' lang='lat' dir='ltr'><strong>divisoris</strong></span> <span class='ocrx_word' id='word_1_360' title='bbox 1842 3255 1898 3309; x_wconf 80' lang='lat' dir='ltr'><strong>d,</strong></span> <span class='ocrx_word' id='word_1_361' title='bbox 1951 3255 2023 3302; x_wconf 92' lang='lat' dir='ltr'><strong>vel</strong></span> <span class='ocrx_word' id='word_1_362' title='bbox 2066 3258 2104 3303; x_wconf 93' lang='lat' dir='ltr'><strong>si</strong></span> <span class='ocrx_word' id='word_1_363' title='bbox 2140 3257 2299 3303; x_wconf 84' lang='lat' dir='ltr'><strong>saltem</strong></span> <span class='ocrx_word' id='word_1_364' title='bbox 2336 3256 2363 3301; x_wconf 83' lang='lat' dir='ltr'><strong><em>b</em></strong></span> <span class='ocrx_word' id='word_1_365' title='bbox 2397 3263 2443 3302; x_wconf 88' lang='lat' dir='ltr'><strong>et</strong></span> <span class='ocrx_word' id='word_1_366' title='bbox 2477 3256 2510 3302; x_wconf 80' lang='lat' dir='ltr'><strong>d</strong></span> <span class='ocrx_word' id='word_1_367' title='bbox 2542 3268 2824 3302; x_wconf 91' lang='lat' dir='ltr'><strong>communem</strong></span> 
     </span>
    </p>
   </div>
   <div class='ocr_carea' id='block_1_11' title="bbox 136 3349 2824 3414">
    <p class='ocr_par' dir='ltr' id='par_1_14' title="bbox 136 3349 2824 3414">
     <span class='ocr_line' id='line_1_32' title="bbox 136 3349 2824 3414; baseline -0.003 -14"><span class='ocrx_word' id='word_1_368' title='bbox 136 3352 333 3400; x_wconf 85' lang='lat' dir='ltr'><strong>habeant</strong></span> <span class='ocrx_word' id='word_1_369' title='bbox 362 3349 582 3399; x_wconf 78' lang='lat' dir='ltr'><strong>factorem</strong></span> <span class='ocrx_word' id='word_1_370' title='bbox 624 3369 685 3413; x_wconf 84' lang='grc' dir='ltr'><strong>φ,</strong></span> <span class='ocrx_word' id='word_1_371' title='bbox 721 3358 773 3399; x_wconf 94' lang='lat' dir='ltr'><strong>ut</strong></span> <span class='ocrx_word' id='word_1_372' title='bbox 804 3353 863 3399; x_wconf 91' lang='lat' dir='ltr'><strong>sit</strong></span> <span class='ocrx_word' id='word_1_373' title='bbox 905 3352 932 3398; x_wconf 82' lang='lat' dir='ltr'><strong><em>b</em></strong></span> <span class='ocrx_word' id='word_1_374' title='bbox 952 3372 1016 3393; x_wconf 93' lang='lat'>=</span> <span class='ocrx_word' id='word_1_375' title='bbox 1038 3352 1124 3414; x_wconf 81' lang='grc' dir='ltr'><strong>Βφ</strong></span> <span class='ocrx_word' id='word_1_376' title='bbox 1156 3358 1203 3398; x_wconf 88' lang='lat' dir='ltr'><strong>et</strong></span> <span class='ocrx_word' id='word_1_377' title='bbox 1236 3351 1270 3398; x_wconf 80' lang='lat' dir='ltr'><strong>d</strong></span> <span class='ocrx_word' id='word_1_378' title='bbox 1287 3373 1351 3392; x_wconf 92' lang='lat'><strong><em>=</em></strong></span> <span class='ocrx_word' id='word_1_379' title='bbox 1370 3352 1485 3413; x_wconf 79' lang='lat' dir='ltr'><strong>qu,</strong></span> <span class='ocrx_word' id='word_1_380' title='bbox 1530 3358 1627 3398; x_wconf 91' lang='lat' dir='ltr'><strong>tum</strong></span> <span class='ocrx_word' id='word_1_381' title='bbox 1660 3357 1897 3412; x_wconf 87' lang='lat' dir='ltr'><strong>antequam</strong></span> <span class='ocrx_word' id='word_1_382' title='bbox 1931 3349 1989 3397; x_wconf 88' lang='lat' dir='ltr'><strong>ad</strong></span> <span class='ocrx_word' id='word_1_383' title='bbox 2021 3352 2260 3397; x_wconf 91' lang='lat' dir='ltr'><strong>terminum</strong></span> <span class='ocrx_word' id='word_1_384' title='bbox 2303 3365 2332 3396; x_wconf 85' lang='grc' dir='ltr'><em>α</em></span> <span class='ocrx_word' id='word_1_385' title='bbox 2350 3366 2416 3396; x_wconf 81' lang='grc' dir='ltr'><strong>-ι-</strong></span> <span class='ocrx_word' id='word_1_386' title='bbox 2433 3349 2493 3394; x_wconf 84' lang='lat' dir='ltr'><strong>db</strong></span> <span class='ocrx_word' id='word_1_387' title='bbox 2527 3349 2824 3410; x_wconf 86' lang='lat' dir='ltr'><strong>perveniatur,</strong></span> 
     </span>
    </p>
   </div>
   <div class='ocr_carea' id='block_1_12' title="bbox 137 3439 2823 3508">
    <p class='ocr_par' dir='ltr' id='par_1_15' title="bbox 44 3439 2823 3508">
     <span class='ocr_line' id='line_1_33' title="bbox 137 3439 2823 3508; baseline -0.004 -14.368"><span class='ocrx_word' id='word_1_388' title='bbox 137 3447 326 3508; x_wconf 91' lang='lat' dir='ltr'><strong>primum</strong></span> <span class='ocrx_word' id='word_1_389' title='bbox 360 3443 590 3491; x_wconf 88' lang='lat' dir='ltr'><strong>residuum</strong></span> <span class='ocrx_word' id='word_1_390' title='bbox 623 3459 654 3491; x_wconf 86' lang='lat' dir='ltr'><strong>a</strong></span> <span class='ocrx_word' id='word_1_391' title='bbox 685 3451 959 3503; x_wconf 85' lang='lat' dir='ltr'><strong>revertetur,</strong></span> <span class='ocrx_word' id='word_1_392' title='bbox 996 3445 1169 3492; x_wconf 89' lang='lat' dir='ltr'><strong>scilicet</strong></span> <span class='ocrx_word' id='word_1_393' title='bbox 1210 3445 1301 3492; x_wconf 90' lang='lat' dir='ltr'><strong>hoc</strong></span> <span class='ocrx_word' id='word_1_394' title='bbox 1333 3446 1573 3506; x_wconf 90' lang='lat' dir='ltr'><strong>continget</strong></span> <span class='ocrx_word' id='word_1_395' title='bbox 1606 3446 1652 3490; x_wconf 90' lang='lat' dir='ltr'><strong>in</strong></span> <span class='ocrx_word' id='word_1_396' title='bbox 1685 3445 1878 3491; x_wconf 90' lang='lat' dir='ltr'><strong>termino</strong></span> <span class='ocrx_word' id='word_1_397' title='bbox 1912 3443 2135 3505; x_wconf 49' lang='lat' dir='ltr'><strong>aei—Db,</strong></span> <span class='ocrx_word' id='word_1_398' title='bbox 2186 3444 2318 3507; x_wconf 86' lang='lat' dir='ltr'><strong>cujus</strong></span> <span class='ocrx_word' id='word_1_399' title='bbox 2358 3441 2490 3488; x_wconf 81' lang='lat' dir='ltr'><strong>index</strong></span> <span class='ocrx_word' id='word_1_400' title='bbox 2529 3447 2599 3487; x_wconf 90' lang='lat' dir='ltr'><strong>est</strong></span> <span class='ocrx_word' id='word_1_401' title='bbox 2632 3439 2757 3485; x_wconf 71' lang='lat' dir='ltr'><strong>D-i—</strong></span> <span class='ocrx_word' id='word_1_402' title='bbox 2783 3442 2823 3493; x_wconf 94' lang='grc'><strong>1,</strong></span> 
     </span>
    </p>
   </div>
   <div class='ocr_carea' id='block_1_13' title="bbox 0 0 78 4562">
    <p class='ocr_par' dir='ltr' id='par_1_16' title="bbox 0 0 78 4562">
     <span class='ocr_line' id='line_1_34' title="bbox 0 0 78 4562; baseline 0 0"><span class='ocrx_word' id='word_1_403' title='bbox 0 0 78 4562; x_wconf 95' lang='lat' dir='ltr'><strong> </strong></span> 
     </span>
    </p>
   </div>
   <div class='ocr_carea' id='block_1_14' title="bbox 122 3536 2825 3881">
    <p class='ocr_par' dir='ltr' id='par_1_17' title="bbox 39 3530 1469 3603">
     <span class='ocr_line' id='line_1_35' title="bbox 139 3536 1469 3603; baseline -0.004 -15.42"><span class='ocrx_word' id='word_1_404' title='bbox 139 3541 350 3603; x_wconf 87' lang='lat' dir='ltr'><strong>quoniam</strong></span> <span class='ocrx_word' id='word_1_405' title='bbox 383 3536 456 3585; x_wconf 83' lang='lat' dir='ltr'><strong>Db</strong></span> <span class='ocrx_word' id='word_1_406' title='bbox 474 3557 537 3577; x_wconf 90' lang='lat'>=</span> <span class='ocrx_word' id='word_1_407' title='bbox 554 3536 682 3600; x_wconf 81' lang='grc' dir='ltr'><strong>ΒΒφ</strong></span> <span class='ocrx_word' id='word_1_408' title='bbox 700 3559 764 3579; x_wconf 91' lang='lat'><strong><em>=</em></strong></span> <span class='ocrx_word' id='word_1_409' title='bbox 780 3538 856 3585; x_wconf 77' lang='lat' dir='ltr'><strong>Bd</strong></span> <span class='ocrx_word' id='word_1_410' title='bbox 892 3553 971 3600; x_wconf 90' lang='lat' dir='ltr'><strong>per</strong></span> <span class='ocrx_word' id='word_1_411' title='bbox 1003 3537 1037 3584; x_wconf 81' lang='lat' dir='ltr'><strong>d</strong></span> <span class='ocrx_word' id='word_1_412' title='bbox 1070 3545 1140 3584; x_wconf 90' lang='lat' dir='ltr'><strong>est</strong></span> <span class='ocrx_word' id='word_1_413' title='bbox 1173 3537 1411 3584; x_wconf 86' lang='lat' dir='ltr'><strong>divisibile.</strong></span> <span class='ocrx_word' id='word_1_414' title='bbox 1467 3600 1469 3602; x_wconf 10' lang='lat' dir='ltr'><strong>q</strong></span> 
     </span>
    </p>

    <p class='ocr_par' dir='ltr' id='par_1_18' title="bbox 122 3620 2825 3881">
     <span class='ocr_line' id='line_1_36' title="bbox 273 3620 2824 3691; baseline -0.002 -14"><span class='ocrx_word' id='word_1_415' title='bbox 273 3625 384 3677; x_wconf 78' lang='grc'><strong>171.</strong></span> <span class='ocrx_word' id='word_1_416' title='bbox 434 3624 534 3678; x_wconf 44' lang='lat' dir='ltr'><strong>‘Hic</strong></span> <span class='ocrx_word' id='word_1_417' title='bbox 569 3643 680 3691; x_wconf 86' lang='lat' dir='ltr'><strong>ergo</strong></span> <span class='ocrx_word' id='word_1_418' title='bbox 714 3629 833 3677; x_wconf 80' lang='lat' dir='ltr'><strong>duos‘</strong></span> <span class='ocrx_word' id='word_1_419' title='bbox 863 3644 993 3678; x_wconf 89' lang='lat' dir='ltr'><strong>casus</strong></span> <span class='ocrx_word' id='word_1_420' title='bbox 1019 3620 1164 3678; x_wconf 88' lang='lat' dir='ltr'><strong>evolvi</strong></span> <span class='ocrx_word' id='word_1_421' title='bbox 1198 3633 1456 3688; x_wconf 90' lang='lat' dir='ltr'><strong>conveniet,</strong></span> <span class='ocrx_word' id='word_1_422' title='bbox 1491 3630 1702 3686; x_wconf 89' lang='lat' dir='ltr'><strong>alterum,</strong></span> <span class='ocrx_word' id='word_1_423' title='bbox 1739 3644 1830 3691; x_wconf 90' lang='lat' dir='ltr'><strong>quo</strong></span> <span class='ocrx_word' id='word_1_424' title='bbox 1864 3623 2034 3675; x_wconf 86' lang='lat' dir='ltr'><strong>divisor</strong></span> <span class='ocrx_word' id='word_1_425' title='bbox 2065 3629 2098 3675; x_wconf 80' lang='lat' dir='ltr'><strong>d</strong></span> <span class='ocrx_word' id='word_1_426' title='bbox 2130 3635 2177 3673; x_wconf 90' lang='lat' dir='ltr'><strong>et</strong></span> <span class='ocrx_word' id='word_1_427' title='bbox 2210 3623 2459 3673; x_wconf 83' lang='lat' dir='ltr'><strong>differentia</strong></span> <span class='ocrx_word' id='word_1_428' title='bbox 2492 3628 2824 3688; x_wconf 89' lang='lat' dir='ltr'><strong>progressionis</strong></span> 
     </span>
     <span class='ocr_line' id='line_1_37' title="bbox 140 3712 2825 3786; baseline -0.004 -11"><span class='ocrx_word' id='word_1_429' title='bbox 140 3741 170 3774; x_wconf 82' lang='lat' dir='ltr'><strong>a</strong></span> <span class='ocrx_word' id='word_1_430' title='bbox 203 3733 310 3774; x_wconf 90' lang='lat' dir='ltr'><strong>sunt</strong></span> <span class='ocrx_word' id='word_1_431' title='bbox 340 3725 513 3771; x_wconf 91' lang='lat' dir='ltr'><strong>numeri</strong></span> <span class='ocrx_word' id='word_1_432' title='bbox 556 3725 673 3769; x_wconf 90' lang='lat' dir='ltr'><strong>inter</strong></span> <span class='ocrx_word' id='word_1_433' title='bbox 704 3738 751 3769; x_wconf 92' lang='lat' dir='ltr'><strong>se</strong></span> <span class='ocrx_word' id='word_1_434' title='bbox 785 3725 936 3784; x_wconf 90' lang='lat' dir='ltr'><strong>primi,</strong></span> <span class='ocrx_word' id='word_1_435' title='bbox 989 3712 1179 3771; x_wconf 81' lang='lat' dir='ltr'><strong>alterum</strong></span> <span class='ocrx_word' id='word_1_436' title='bbox 1214 3739 1348 3782; x_wconf 91' lang='lat' dir='ltr'><strong>vero,</strong></span> <span class='ocrx_word' id='word_1_437' title='bbox 1401 3740 1492 3786; x_wconf 92' lang='lat' dir='ltr'><strong>quo</strong></span> <span class='ocrx_word' id='word_1_438' title='bbox 1531 3731 1636 3771; x_wconf 91' lang='lat' dir='ltr'><strong>sunt</strong></span> <span class='ocrx_word' id='word_1_439' title='bbox 1668 3725 1841 3770; x_wconf 90' lang='lat' dir='ltr'><strong>numeri</strong></span> <span class='ocrx_word' id='word_1_440' title='bbox 1876 3725 1992 3768; x_wconf 89' lang='lat' dir='ltr'><strong>inter</strong></span> <span class='ocrx_word' id='word_1_441' title='bbox 2036 3736 2082 3768; x_wconf 92' lang='lat' dir='ltr'><strong>se</strong></span> <span class='ocrx_word' id='word_1_442' title='bbox 2118 3721 2374 3783; x_wconf 87' lang='lat' dir='ltr'><strong>compositi,</strong></span> <span class='ocrx_word' id='word_1_443' title='bbox 2424 3733 2503 3765; x_wconf 90' lang='lat' dir='ltr'><strong>seu</strong></span> <span class='ocrx_word' id='word_1_444' title='bbox 2534 3733 2625 3780; x_wconf 90' lang='lat' dir='ltr'><strong>quo</strong></span> <span class='ocrx_word' id='word_1_445' title='bbox 2660 3718 2825 3765; x_wconf 90' lang='lat' dir='ltr'><strong>habent</strong></span> 
     </span>
     <span class='ocr_line' id='line_1_38' title="bbox 122 3814 1460 3881; baseline -0.002 -16"><span class='ocrx_word' id='word_1_446' title='bbox 122 3818 391 3881; x_wconf 76' lang='lat' dir='ltr'><strong>‘quempiam</strong></span> <span class='ocrx_word' id='word_1_447' title='bbox 424 3814 645 3863; x_wconf 80' lang='lat' dir='ltr'><strong>factorem</strong></span> <span class='ocrx_word' id='word_1_448' title='bbox 666 3828 984 3872; x_wconf 81' lang='lat' dir='ltr'><strong>communem,</strong></span> <span class='ocrx_word' id='word_1_449' title='bbox 1019 3823 1197 3877; x_wconf 86' lang='lat' dir='ltr'><strong>praeter</strong></span> <span class='ocrx_word' id='word_1_450' title='bbox 1228 3818 1460 3864; x_wconf 87' lang='lat' dir='ltr'><strong>unitatem.</strong></span> 
     </span>
    </p>
   </div>
   <div class='ocr_carea' id='block_1_15' title="bbox 312 3912 2815 4062">
    <p class='ocr_par' dir='ltr' id='par_1_19' title="bbox 312 3912 2815 4062">
     <span class='ocr_line' id='line_1_39' title="bbox 312 3912 2815 3992; baseline -0.002 -14"><span class='ocrx_word' id='word_1_451' title='bbox 312 3938 358 3991; x_wconf 56' lang='grc' dir='ltr'><strong>Γ)</strong></span> <span class='ocrx_word' id='word_1_452' title='bbox 418 3912 556 3992; x_wconf 66' lang='lat' dir='ltr'><strong>Scripi.</strong></span> <span class='ocrx_word' id='word_1_453' title='bbox 587 3939 641 3978; x_wconf 82' lang='lat' dir='ltr'><strong>ad</strong></span> <span class='ocrx_word' id='word_1_454' title='bbox 656 3951 777 3990; x_wconf 76' lang='lat' dir='ltr'><strong>marq.</strong></span> <span class='ocrx_word' id='word_1_455' title='bbox 820 3937 933 3978; x_wconf 84' lang='lat' dir='ltr'><strong>Haec</strong></span> <span class='ocrx_word' id='word_1_456' title='bbox 956 3937 1120 3978; x_wconf 86' lang='lat' dir='ltr'><strong>residua</strong></span> <span class='ocrx_word' id='word_1_457' title='bbox 1140 3938 1340 3980; x_wconf 85' lang='lat' dir='ltr'><strong>excedent</strong></span> <span class='ocrx_word' id='word_1_458' title='bbox 1358 3951 1529 3980; x_wconf 85' lang='lat' dir='ltr'><strong>numero</strong></span> <span class='ocrx_word' id='word_1_459' title='bbox 1549 3951 1575 3979; x_wconf 85' lang='lat' dir='ltr'><strong>a</strong></span> <span class='ocrx_word' id='word_1_460' title='bbox 1592 3937 1757 3979; x_wconf 83' lang='lat' dir='ltr'><strong>residua</strong></span> <span class='ocrx_word' id='word_1_461' title='bbox 1778 3943 1869 3979; x_wconf 86' lang='lat' dir='ltr'><strong>orta</strong></span> <span class='ocrx_word' id='word_1_462' title='bbox 1889 3951 1942 3979; x_wconf 87' lang='lat' dir='ltr'><strong>ex</strong></span> <span class='ocrx_word' id='word_1_463' title='bbox 1962 3936 2246 3991; x_wconf 86' lang='lat' dir='ltr'><strong>progressione</strong></span> <span class='ocrx_word' id='word_1_464' title='bbox 2276 3935 2322 3985; x_wconf 87' lang='grc' dir='ltr'><strong>Ο,</strong></span> <span class='ocrx_word' id='word_1_465' title='bbox 2355 3931 2395 3987; x_wconf 62' lang='lat' dir='ltr'><strong>bf,</strong></span> <span class='ocrx_word' id='word_1_466' title='bbox 2425 3933 2498 3983; x_wconf 75' lang='lat'><strong>212,</strong></span> <span class='ocrx_word' id='word_1_467' title='bbox 2532 3933 2603 3981; x_wconf 69' lang='lat'><strong>312,</strong></span> <span class='ocrx_word' id='word_1_468' title='bbox 2633 3933 2708 3979; x_wconf 57' lang='lat' dir='ltr'><strong>ab,</strong></span> <span class='ocrx_word' id='word_1_469' title='bbox 2739 3936 2815 3971; x_wconf 86' lang='lat' dir='ltr'><strong>etc-</strong></span> 
     </span>
     <span class='ocr_line' id='line_1_40' title="bbox 417 4007 1131 4062; baseline 0 -14"><span class='ocrx_word' id='word_1_470' title='bbox 417 4021 546 4062; x_wconf 87' lang='lat' dir='ltr'><strong>quare</strong></span> <span class='ocrx_word' id='word_1_471' title='bbox 575 4008 679 4049; x_wconf 87' lang='lat' dir='ltr'><strong>hanc</strong></span> <span class='ocrx_word' id='word_1_472' title='bbox 707 4008 910 4050; x_wconf 84' lang='lat' dir='ltr'><strong>evolvisse</strong></span> <span class='ocrx_word' id='word_1_473' title='bbox 940 4007 1131 4049; x_wconf 82' lang='lat' dir='ltr'><strong>sufficiet.</strong></span> 
     </span>
    </p>
   </div>
  </div>
 </body>
</html>
