3080 4562
271 310 379 365 398
422 268 425 270 ’
1107 304 1162 356 L.
1205 303 1489 357 EULEm
1531 304 1754 358 OPERA
1795 304 2177 387 ΡοεΤιιιιΜᾼ.
2225 340 2229 342 -
2746 326 2939 380 Analysis.

269 461 417 502 autem
453 453 510 500 ad
545 465 755 513 praesens
794 451 1049 498 institutum
1081 457 1285 496 nostrum
1320 444 1521 496 sufficiat
1555 451 1823 511 positionem
1859 451 2085 512 tangentis
2119 448 2452 508 determinasse,
2474 459 2638 500 ¹tamen
2665 453 2746 500 levi
2775 458 2958 517 negotio

271 563 320 593 ea
356 561 531 608 quoque
566 543 810 605 hyperbola
845 544 1061 605 assignari
1096 550 1266 605 potest,
1302 541 1361 589 ad
1394 557 1525 604 quam
1560 549 1719 590 natura
1752 546 1860 590 rami
1896 558 2063 590 curvae
2099 545 2295 605 proxime
2330 544 2530 592 accedat.
2589 546 2808 593 Ponamus
2841 549 2961 594 enim

271 640 341 686 vel
377 655 426 684 ex
461 640 598 700 prima
634 639 899 699 aequatione
934 638 1051 683 inter
1085 652 1121 682 ω
1156 643 1202 682 et
1231 651 1280 695 y,
1319 637 1389 682 vel
1425 652 1477 682 ex
1503 635 1598 699 jam
1634 637 1864 684 immutata
1901 641 2020 684 inter
2055 645 2073 683 t
2105 643 2152 683 et
2185 651 2214 682 ιι
2249 635 2463 698 prodiisse
2505 654 2585 700 pro
2617 655 2726 687 casu
2761 657 2958 689 ιιι-τοο

271 733 341 778 vel
376 741 557 778 t=00
592 731 708 777 hanc
742 732 1055 792 aequationem
1086 747 1122 790 γ
1153 730 1223 777 vel
1257 746 1284 776 ιι
1304 745 1436 788 =a,
1478 738 1574 777 tum
1617 730 1728 778 haec
1771 732 1865 793 ipsa
1898 738 2021 778 recta
2055 731 2111 777 ab
2145 746 2223 776 axe
2257 732 2497 781 intervallo
2530 748 2640 779 =a
2673 735 2842 785 distans
2875 753 2960 800 pro

270 841 391 873 novo
425 841 502 871 axe
537 831 811 881 assumatur,
854 823 1093 873 statuendo
1123 840 1158 883 γ
1195 825 1263 870 vel
1300 840 1537 871 aza—i-
1561 840 1606 882 υ,
1657 826 1809 887 sicque
1850 824 2127 880 obtinebitur
2169 839 2284 872 nova
2326 827 2532 887 aequatio
2568 827 2686 893 inter
2717 804 2959 877 abscissam

268 934 304 964 ω
336 933 418 965 seu
452 926 469 963 t
500 925 547 964 et
579 916 847 979 applicatam
879 933 923 974 v,
960 933 1072 980 quae
1115 916 1172 963 ad
1214 917 1675 979 parallelogrammum
1710 916 1901 964 reducta
1936 916 2058 964 hunc
2094 931 2259 963 curvae
2292 905 2466 964 ramum
2503 933 2580 981 per
2612 920 2746 966 situm
2778 920 2963 986 regulae

268 1027 293 1059 a
329 1011 483 1060 dextra
511 1011 572 1058 ad
600 1013 823 1057 sinistram
852 1026 1029 1058 sursum
1057 1026 1191 1074 vergi
1196 1014 1286 1058 ntis
1321 1012 1462 1057 veluti
1497 1011 1576 1056 ch
1601 1027 1681 1058 seu
1709 1010 1776 1058 Ll
1810 1011 2050 1069 exhibebit,
2085 1027 2135 1058 ex
2170 1026 2260 1073 quo
2297 1026 2388 1059 non
2412 1014 2557 1060 solum
2584 1013 2812 1060 constabit
2838 1013 2961 1068 hunc

268 1122 433 1153 novum
470 1121 593 1153 axem
617 1107 772 1167 ipsum
807 1120 904 1151 esse
940 1119 1104 1151 curvae
1140 1112 1415 1165 asymtoton,
1459 1103 1541 1150 sed
1581 1106 1716 1151 etiam
1751 1105 1908 1167 regula
1952 1106 2262 1191 aequationem
2298 1118 2378 1165 pro
2410 1102 2654 1164 hyperbola
2689 1102 2763 1149 illa
2797 1112 2976 1167 suppe-'

270 1198 451 1256 ditabit,
504 1214 618 1261 quae
659 1206 864 1244 naturam
907 1200 1015 1250 rami
1056 1214 1222 1245 curvae
1267 1200 1312 1244 in
1352 1194 1577 1245 infinitum
1623 1201 1900 1246 excurrentis
1941 1198 2211 1256 continebit,
2263 1197 2641 1261 quemadmodum
2686 1201 2780 1288 jam
2829 1214 2964 1263 supra

267 1290 295 1358 §
332 1297 384 1340 Μ
424 1295 754 1359 annotavimus,
825 1293 1006 1355 Hocque
1042 1309 1151 1356 ergo
1192 1292 1327 1340 modo
1369 1307 1524 1340 omnes
1565 1308 1726 1340 curvae
1760 1295 1868 1340 rami
1905 1293 1964 1341 ad
1997 1294 2237 1341 abscissam
2272 1289 2493 1340 infinitam
2529 1292 2660 1339 relati
2692 1306 2785 1338 non
2818 1284 2966 1338 solum

267 1387 569 1442 invenientur,
611 1385 690 1433 sed
725 1388 858 1433 etiam
893 1387 1129 1449 parabolae
1163 1387 1235 1434 vel
1266 1386 1558 1449 hyperbolae,
1603 1402 1716 1449 quae
1751 1389 1946 1450 proxime
1979 1387 2037 1435 ad
2070 1402 2226 1435 eorum
2262 1394 2467 1435 naturam
2501 1385 2741 1444 accedant,
2778 1383 2967 1437 indicari

269 1488 466 1544 possunt.
1057 1473 1067 1478 ³

406 1605 483 1650 45.
551 1602 662 1651 Cum
695 1605 836 1666 igitur
870 1606 1136 1666 aequatione
1173 1619 1436 1667 quacunque
1470 1606 1587 1651 inter
1630 1605 1916 1652 coordinatas
1951 1604 2273 1667 orthogonales
2304 1621 2342 1651 ω
2373 1613 2418 1652 et
2447 1620 2483 1664 y
2516 1593 2769 1667 proposita,
2805 1616 2967 1669 curvae

270 1712 351 1760 per
384 1711 481 1747 eam
519 1710 752 1757 expressae
786 1703 945 1756 natura
978 1703 1069 1742 tam
1103 1698 1158 1745 iis
1193 1698 1237 1742 in
1271 1697 1398 1754 locis,
1435 1713 1550 1759 quae
1578 1697 1804 1744 abscissae
1829 1698 1994 1755 (ιιι-,0,
2030 1712 2160 1759 quam
2187 1699 2235 1744 in
2264 1699 2332 1755 iis,
2369 1713 2485 1760 quae>
2514 1697 2736 1756 abscissae
2764 1691 2966 1748 infinitae

270 1790 564 1853 respondent,
619 1787 805 1850 definiri¹
838 1798 994 1853 queat,
1047 1778 1331 1838 manifestum
1373 1799 1461 1849 est,
1512 1792 1844 1840 commutandis
1868 1767 1949 1839 'his
1983 1791 2282 1861 coordinatis,
2338 1807 2504 1839 curvae
2545 1799 2750 1847 naturam
2789 1805 2970 1861 quoque

269 1887 484 1945 cognosci
523 1900 650 1946 posse
686 1886 732 1930 in
766 1886 819 1931 iis
852 1884 986 1942 locis,
1031 1900 1145 1947 quae
1181 1887 1413 1947 applicatis
1442 1902 1477 1945 y
1511 1887 1582 1932 vel
1617 1886 1991 1933 evanescentibus
2024 1886 2096 1932 vel
2130 1887 2176 1932 in
2211 1882 2437 1945 infinitum
2479 1885 2748 1932 abeuntibus
2781 1898 2972 1948 respon-

269 1979 391 2026 dent.
460 1979 618 2041 Neque
654 1978 711 2025 ad
746 1979 833 2026 hoc
869 1993 981 2040 opus
1016 1980 1115 2035 erit,
1151 1985 1202 2024 ut
1234 1993 1405 2025 novum
1440 1979 1906 2041 parallelogrammum
1941 1986 2246 2036 construatur,
2283 1994 2388 2025 cum
2422 1977 2554 2034 idem,
2593 1980 2640 2024 in
2674 1992 2765 2040 quo
2790 1951 2968 2040 termini

267 2075 546 2135 aequationis
581 2072 715 2132 modo
750 2047 853 2119 ante
887 2074 1083 2135 exposito
1118 2080 1222 2119 sunt
1255 2075 1483 2135 inscripti,
1534 2075 1666 2119 etiam
1710 2072 1886 2135 judicio
1935 2053 1992 2119 ad
2016 2071 2280 2134 'applicatas
2322 2069 2705 2119 accommodando
2757 2072 2971 2118 inservire
3018 2062 3046 2121 ⁷1

269 2170 424 2229 possit.
492 2145 882 2223 Quemadmodum
916 2168 1034 2212 enim
1068 2173 1196 2223 ante,
1231 2166 1306 2213 ubi
1341 2167 1535 2213 abscissa
1570 2174 1667 2213 erat
1701 2167 1929 2228 proposita
1967 2165 2088 2229 (Fig.
2118 2164 2225 2229 ts),
2267 2164 2409 2212 latera
2443 2164 2846 2227 parallelogrammi
2884 2161 2971 2222 PQ

269 2268 314 2307 et
347 2260 425 2308 SR
459 2268 585 2307 erant
617 2268 830 2323 tanquam
865 2254 1106 2308 horizonti
1127 2259 1337 2321 parallela
1371 2267 1585 2321 spectata,
1623 2262 1681 2306 ita
1709 2275 1847 2313 nunc,
1882 2261 2109 2322 proposita
2133 2259 2354 2322 applicata
2379 2258 2532 2315 altera,
2561 2259 2699 2306 latera
2726 2251 2807 2306 PS
2823 2258 2871 2305 et
2889 2256 3003 2316 QR*

271 2356 408 2428 situm
440 2354 765 2402 horizontalem
798 2368 1024 2415 occupare
1059 2360 1165 2399 sunt
1197 2353 1504 2410 existimanda,
1537 2361 1671 2416 atque
1707 2354 1863 2416 plagae
1897 2353 2106 2399 laterales
2139 2352 2294 2400 dextra
2331 2360 2378 2399 et
2409 2354 2586 2399 sinistra
2615 2354 2738 2399 inter
2770 2367 2817 2398 se
2841 2321 2970 2400 com-

275 2447 531 2503 mutandae,
562 2463 650 2510 quo
686 2446 808 2523 sacto
842 2444 1024 2494 eaedem
1060 2419 1392 2504 conclusiones,
1430 2462 1542 2552 quae
1573 2455 1675 2493 ante
1711 2463 1763 2493 ex
1798 2450 1890 2494 situ
1922 2447 2105 2509 regulae
2136 2455 2223 2509 pro
2254 2447 2451 2493 abscissa
2479 2446 2549 2492 vel
2574 2453 2868 2494 evanescente
2894 2422 2968 2494 vel

2922 2526 2965 2547 -n,

268 2627 494 2681 valebunt.
560 2628 565 2634 ’

2742 2718 2746 2721 ·
2763 2708 2801 2732 Η

403 2760 479 2804 1ιὸ.
548 2758 662 2803 Hinc
696 2758 836 2818 igitur
869 2759 1152 2819 perspicuum
1189 2764 1261 2804 est
1295 2757 1479 2804 eandem
1508 2727 1917 2820 parallelogrammi
1952 2753 2149 2820 figuram
2183 2756 2242 2803 ad
2270 2756 2444 2820 judicia
2469 2745 2560 2804 tam
2586 2773 2667 2838 pro
2692 2758 2889 2807 abscissa
2915 2774 2967 2818 ω,

270 2854 334 2898 uti
371 2851 591 2899 hactenus
627 2849 831 2907 fecimus,
868 2867 999 2913 quam
1038 2867 1120 2913 pro
1155 2833 1375 2914 applicata
1404 2868 1439 2911 γ
1471 2852 1673 2898 adhiberi
1712 2867 1855 2913 posse.
1926 2851 2072 2908 Quare
2106 2854 2141 2897 si
2177 2860 2420 2914 utrumque
2439 2851 2662 2915 judicium
2689 2852 2967 2929 conjunctim

272 2947 510 2991 instituere
549 2945 751 3001 velimus,
790 2945 991 3006 regulam
1029 2939 1249 2992 continuo
1281 2944 1337 2991 ad
1372 2944 1500 2991 binos
1534 2946 1753 2992 terminos
1787 2943 1963 3020 figurae
1997 2946 2184 2990 extimos
2219 2946 2279 2991 ita
2311 2933 2522 3007 applicari
2550 2953 2743 3033 oportet,
2779 2953 2833 2993 ut
2859 2934 2970 3011 nulli

271 3040 452 3084 termini
489 3046 612 3084 extra
646 3039 948 3101 promineant,
993 3037 1372 3100 quemadmodum
1407 3039 1452 3084 in
1487 3035 1634 3101 figura
1671 3037 1823 3085 videre
1858 3039 1985 3095 licet,
2038 3039 2130 3085 ubi
2158 3038 2298 3084 lineae
2339 3035 2441 3094 Aa,
2480 3035 2575 3095 Bb,
2613 3035 2696 3096 Ce,
2731 3021 2838 3096 DJ,
2863 3020 2966 3098 Εσ,

273 3129 351 3189 Ff'
393 3131 489 3194 Gy,
527 3131 630 3188 Hh,
667 3132 736 3188 Ji,
774 3131 870 3188 ch,
909 3132 974 3178 Ll
1011 3140 1057 3178 et
1096 3134 1191 3179 Mm
1224 3132 1306 3179 has
1342 3133 1525 3194 regulae
1561 3134 1807 3195 positiones
1847 3131 2072 3189 indicant,
2115 3133 2162 3178 in
2203 3131 2364 3194 quibus
2406 3130 2583 3189 omnes,
2626 3119 2740 3195 quae
2782 3113 2967 3203 quidem

273 3240 518 3272 occurrere
554 3232 758 3286 possunt,
794 3227 1097 3273 continentur.
1167 3225 1339 3272 Harum
1374 3228 1492 3272 enim
1525 3234 1633 3272 sunt
1671 3233 1872 3287 quatuor
1906 3225 2120 3293 lateribus
2154 3225 2554 3287 parallelogrammi
2584 3225 2849 3291 parallelae:
2884 3210 2964 3283 Cc,

272 3315 352 3375 Fr,
389 3318 461 3375 Ji,
501 3319 616 3375 Mm,
655 3319 852 3380 reliquae
881 3333 988 3365 vero
1017 3319 1086 3365 his
1120 3321 1235 3366 inter
1261 3320 1468 3382 jacentes
1494 3319 1713 3381 obliquae,
1751 3320 1869 3365 inter
1903 3334 2014 3380 quas
2052 3334 2186 3382 porro
2219 3318 2308 3365 hoc
2342 3317 2580 3365 discrimen
2607 3325 2675 3365 est
2702 3295 2968 3374 notandinni

273 3412 396 3474 quod
447 3412 556 3459 aliae
608 3427 711 3458 cum
763 3413 977 3459 lateribus
1026 3397 1383 3459 horizontalibus
1433 3413 1648 3474 angulum
1699 3414 1981 3459 semirectum
2036 3405 2337 3482 constituant,
2391 3413 2504 3458 aliae
2556 3411 2800 3475 majorem,
2853 3395 2966 3460 aliae

275 3508 490 3553 minorem
535 3507 795 3559 semirecto;
840 3504 1041 3552 videmu's
1084 3497 1200 3551 enim
1238 3506 1293 3552 ab
1335 3505 1422 3552 hoc
1463 3506 1720 3553 discrimine
1761 3513 1966 3552 naturam
2010 3521 2172 3572 curvae
2211 3489 2457 3568 'plurimum
2490 3488 2964 3569 pendere,⁵siquidem

275 3599 461 3645 cellulae
498 3599 897 3660 parallelogrammi
933 3596 1176 3662 quadratae
1211 3596 1484 3647 efficiantur.
2905 3583 2923 3600 ⁴¹
2948 3582 2967 3595 ’1

411 3736 485 3781 ῖιΊ.
555 3735 749 3784 Omnino
783 3751 895 3798 ergo
930 3737 1142 3799 sedecim³
1163 3737 1365 3784 diversae
1400 3738 1583 3804 regulae
1610 3740 1853 3800 positiones
1880 3753 2120 3808 occurrere
2147 3711 2363 3806 possunt,
2388 3752 2498 3803 quas
2530 3732 2682 3805 [igura-
2705 3732 2965 3808 ''Trffil‘lssffi

277 3826 575 3872 inclinationis
600 3812 753 3874 earum
779 3829 834 3874 ad
872 3829 1008 3876 latera
1045 3830 1446 3892 parallelogrammi
1484 3838 1803 3893 repraesentat.
1826 3820 1828 3822 ¹
1856 3830 2116 3900 Incipiendo
2143 3819 2314 3901 εειὶίςιεῐ
2336 3829 2489 3896 abeat,
2516 3844 2630 3891 quae
2657 3827 2714 3892 ad
2730 3813 2968 3901 ‹Sinistffiffi

275 3926 344 3965 est
377 3919 773 3982 perpendicularis,
806 3930 854 3967 ut
888 3920 979 3970 AB
1013 3925 1062 3989 in
1095 3922 1193 3985 Fig.
1234 3925 1292 3969 1ιῖ
1329 3931 1376 3970 et
1414 3925 1508 3970 Mm
1543 3926 1588 3970 in
1621 3923 1719 3987 Fig.
1749 3927 1808 3972 116
1844 3931 1977 3987 atque
2011 3926 2250 3993 circuitum
2285 3938 2460 3976 sursum
2493 3902 2965 3996 dextrorsumabsol?g

276 4012 443 4070 vendo,
482 4013 562 4059 bae
598 4013 787 4059 sedecim
826 4017 1070 4076 positiones
1106 4016 1357 4064 ita·ordine
1393 4017 1664 4080 procedent:
2846 4064 2865 4085 -,·
2891 4061 2970 4093 „vn
