3080 4562
741 289 1086 348 Institutionum
1126 292 1329 350 Calculi?
1348 292 1688 368 <infirmtiate
1706 294 1868 352 'Sestio
1892 294 2015 352 ΙΙΙ(>
2048 297 2166 371 Cap.
2207 300 2259 352 2.
2735 301 2838 357 331

139 414 269 489 met
291 455 370 502 γρ,
411 437 582 498 Quodsi
617 437 732 504 ergo
764 433 942 489 valeres
967 438 1119 506 ipsius
1145 440 1390 503 y'suerint
1417 460 1475 507 p,
1496 458 1562 507 η,
1597 457 1647 500 r,
1681 456 1727 498 s,
1761 451 1890 503 etca„
1926 446 1965 492 si
1995 447 2063 493 in
2102 443 2336 493 functione
2382 441 2422 493 Ζ
2458 458 2540 509 pro
2575 459 2611 507 γ,
2649 448 2846 510 ponatur

139 530 275 583 *valor
303 549 359 598 p,
403 535 599 599 prodibit
630 536 957 583 incrementum
990 532 1320 599 applicatae'm
1357 535 1594 600 ,similique
1643 535 1776 585 modo
1825 540 1861 588 si
1898 550 1993 601 ‘pro
2037 553 2073 599 γ
2111 542 2625 603 successive-ponantur
2663 538 2843 590 valore's

58 606 71 617 ⁸
143 640 188 692 η’,
207 645 268 683 ⁴r,
303 645 354 686 s,
374 609 462 679 etc.
497 633 724 693 quantitas
758 626 875 678 Zdoe³
899 631 1058 678 harum
1093 631 1417 693 applicatarum
1440 627 1756 680 differentialia
1782 633 2022 682 exhibebit.
2072 636 2187 683 Hinc
2214 649 2326 699 ergo
2350 638 2494 698 magis
2518 631 2843 683 confirmantur

141 724 520 777 tat-'illustrantem
556 736 670 787 quae
706 726 751 772 in
786 724 1152 787 librosuperiori
1188 724 1246 771 de
1274 722 1657 773 emerentianam
1689 720 1973 774 functionum
2014 726 2352 776 multiformium
2386 737 2493 777 sunt
2525 726 2707 777 tradita.

279 817 357 867 3¹4.
426 819 646 875 Quoniam
699 828 814 881 ergo
863 830 943 881 pro
997 815 1282 866 differentiali
1332 819 1401 878 ἀγ
1437 818 1626 866 totidem
1669 820 1848 868 valeres
1888 823 2211 879 nanciscimur,
2260 830 2373 886 quot
2414 826 2508 887 ipsa
2553 824 2774 887 applicata
2806 837 2842 883 ,γ

140 910 347 960 diversos
391 914 580 960 sortitur
620 913 817 970 valores,
859 910 1051 960 totidem
1095 912 1199 959 inde
1235 926 1415 976 quoque
1450 914 1734 961 resultabunt
1774 916 2081 978 expressiones
2114 931 2201 978 pro
2231 914 2604 965 differentialibus
2636 917 2841 980 singulo·

139 1000 242 1054 rum
276 1021 453 1055 curvae·
475 1021 717 1055 ramorum.
785 1006 973 1054 Scilicet
1012 1021 1117 1054 cum
1149 1014 1255 1054 ante
1292 1008 1596 1055 invenerimus
1630 1009 1904 1057 elementum
1937 1021 2018 1057 seu
2055 1006 2354 1056 differentiale
2388 1011 2530 1058 lineae
2564 1025 2727 1058 curvae
2762 1024 2841 1074 per

140 1096 501 1164 V(dae'-⁴-dy²)
536 1103 734 1163 exprimi,
771 1103 807 1148 si
842 1116 922 1164 pro
959 1101 1024 1159 dy·
1057 1101 1358 1149 substituatur
1391 1102 1517 1150 valor
1549 1104 1636 1161 mn,
1673 1110 1768 1150 tum
1795 1099 2156 1167 νωθῆ-ἄγ’)
2184 1104 2417 1167 praebebit
2440 1104 2709 1152 elementum
2735 1106 2839 1163 Mm,

140 1193 266 1258 quod
307 1202 379 1242 est
418 1169 718 1242 differentiale
758 1209 892 1243 arcus
936 1196 1048 1250 EM3
1098 1197 1167 1242 sin
1207 1203 1356 1243 autem
1399 1208 1481 1259 pro
1524 1197 1589 1257 'dy-
1629 1189 1934 1244 substituatur
1970 1191 2197 1256 -m‘n',
2248 1197 2407 1246 eadem
2447 1200 2673 1261 expressio
2716 1198 2840 1246 dabit

138 1281 438 1336 'differentiale
454 1304 596 1336 arcus
617 1284 736 1337 ΒΨ
746 1306 759 1344 ;
794 1305 847 1336 ac
874 1287 911 1336 si
940 1284 1021 1336 fiat
1043 1283 1413 1350 dy=—m''n''‚
1447 1298 1546 1338 tum
1571 1287 1925 1354 νωθῆ-ἄγ’)
1960 1291 2197 1340 exhibebit·
2215 1289 2512 1340 differentiale
2538 1286 2670 1340 arcus
2694 1285 2838 1340 ΕΜ”.

138 1382 281 1431 Simili
313 1396 426 1445 ergo
457 1382 595 1431 modo
629 1391 919 1453 quotcunque
948 1385 1062 1431 linea
1091 1396 1230 1431 curva
1258 1384 1467 1432 habuerit
1492 1398 1656 1438 ramos,
1692 1384 1841 1432 eidem
1868 1386 2095 1433 abscissae
2118 1386 2464 1450 respondentes,
2498 1387 2605 1434 hinc
2638 1385 2840 1449 singulos

137 1478 250 1525 istos
300 1490 453 1525 ramos
503 1480 689 1525 seorsim
741 1477 937 1525 dimetiri
991 1478 1165 1538 licebit3
1209 1460 1340 1541 ¹quod
1378 1487 1705 1541 argumentum
1747 1478 1893 1528 fusius
1932 1481 2308 1545 pertractabitur,
2357 1482 2435 1529 ubi
2469 1481 2526 1529 de
2559 1479 2839 1529 dimensione

135 1568 357 1632 linearum
389 1585 632 1620 curvarum
667 1587 817 1620 sermo
852 1574 1134 1620 instituetur⁶
1196 1587 1198 1591 ’
1243 1584 1245 1587 ·

179 1691 185 1700 ·
245 1670 348 1717 ’35.
418 1665 542 1724 Quae
582 1666 804 1715 haetenus
844 1667 1165 1730 explicavimus
1205 1668 1262 1716 ad
1302 1682 1382 1716 eos
1415 1676 1591 1717 tantum
1625 1682 1781 1726 casus,
1823 1670 1988 1732 quibus
2022 1678 2184 1718 natura
2224 1686 2389 1719 curvae
2424 1671 2690 1734 aequatione
2722 1671 2839 1717 inter

134 1761 265 1808 binas
297 1760 587 1809 coordinatas
618 1761 942 1823 orthogonales
975 1763 1254 1824 exprimitur,
1289 1764 1529 1825 pertinent.
1591 1763 1776 1811 Interim
1809 1771 1960 1811 tamen
1993 1780 2043 1811 ex
2079 1765 2152 1812 his
2187 1781 2366 1828 quoque
2391 1763 2526 1812 facile
2552 1766 2837 1828 perspicitur,

135 1854 542 1919 quemadmodum,
576 1858 614 1903 si
650 1829 942 1903 coordinatae
977 1871 1067 1903 non
1100 1854 1273 1903 fuerint
1306 1858 1527 1905 normales
1560 1859 1680 1905 inter
1713 1872 1776 1915 se,
1801 1858 1895 1905 sed
1930 1858 1986 1906 ad
2021 1859 2178 1906 datum
2214 1862 2419 1922 quemvis
2453 1857 2672 1923 angulum
2705 1858 2836 1905 incli-

61 1980 66 1985 -
135 1957 291 2005 natae,
331 1945 644 1997 differentialia
679 1949 736 1998 ad
772 1947 945 2013 figuras
984 1948 1214 1998 transferri
1255 1950 1465 2000 debeant.
1534 1952 1655 2008 Quin
1694 1954 1851 2010 etiam,
1904 1955 1939 2000 si
1991 1959 2156 2001 natura
2208 1969 2374 2002 curvae
2426 1954 2515 2001 alio
2559 1965 2836 2025 quocunque

136 2042 275 2092 modo
317 2045 620 2107 exprimatur,
671 2045 912 2107 applicatio
963 2044 1127 2092 calculi
1176 2044 1237 2093 ad
1286 2041 1484 2108 figuram
1526 2047 1696 2093 nullam
1736 2045 1834 2094 fere
1875 2047 2059 2101 habebit
2101 2044 2439 2107 difficultatem3
2491 2025 2646 2111 atque>
2671 2048 2708 2093 si
2742 2045 2836 2093 ulla

134 2139 357 2200 supersit,
392 2151 444 2185 ea
481 2140 526 2184 in
559 2140 764 2200 sequenti
799 2141 1072 2185 tractatione
1105 2153 1291 2202 prorsus
1325 2140 1527 2186 tolletur.
1595 2138 1806 2188 Ceterum
1849 2143 1893 2188 in
1928 2141 2186 2205 hujusmodi
2230 2142 2651 2204 investigationibus
2691 2141 2838 2188 omnis

133 2232 202 2278 vis
232 2233 367 2278 ineo
399 2238 473 2278 est
512 2234 680 2295 posita,
728 2232 853 2296 quod
894 2228 1191 2280 differentiale
1234 2228 1374 2296 ipsius
1414 2234 1560 2281 lineae
1602 2235 1768 2282 curvae
1804 2240 2019 2298 tanquam
2061 2236 2225 2284 lineola
2267 2244 2391 2283 recta
2432 2236 2629 2298 spectari
2666 2235 2835 2297 possit}

133 2322 266 2373 idem·
288 2327 407 2372 enim
440 2325 616 2384 modus,
644 2328 744 2389 'quo
777 2326 866 2374 boe
900 2341 982 2390 pro
1016 2327 1293 2376 coordinatis
1319 2328 1694 2391 orthogonalibus
1726 2337 1795 2376 est
1829 2336 2073 2388 ostensum,
2109 2344 2251 2393 aeque
2273 2329 2331 2378 ad
2357 2342 2513 2378 omnes
2539 2328 2652 2377 alios
2676 2326 2837 2375 modos

133 2427 339 2467 naturam
372 2434 613 2468 curvarum
647 2420 922 2484 exprimendi
958 2429 1096 2486 patet.
1151 2450 1154 2454 ·
2175 2399 2178 2402 Ι

1422 2588 1551 2600 σο-

1311 2750 1526 2802 Caput
1576 2751 1658 2793 11.

1060 2860 1120 2903 De
1151 2862 1411 2916 tangentibus
1442 2861 1644 2905 linearum
1673 2875 1905 2905 curvarum.

270 2977 313 3020 1.
379 2971 433 3019 ln
472 2973 616 3034 capite
659 2972 960 3035 praecedente
1013 2974 1204 3021 vidimus
1254 2976 1497 3038 particulas
1545 2972 1723 3022 infinite
1773 2991 1934 3038 parvas
1982 2975 2186 3040 cujusvis
2217 2978 2358 3025 lineae
2400 2991 2568 3024 curvae
2615 2983 2833 3040 tanquam

131 3064 319 3112 lineolas
352 3073 498 3112 rectas
530 3069 725 3133 spectari
763 3083 909 3130 posse.
981 3068 1258 3115 Hancobrem
1295 3071 1438 3116 omnis
1477 3070 1593 3116 linea
1636 3084 1772 3117 curva
1811 3073 1952 3118 instar
1985 3067 2161 3134 figurae
2201 3073 2483 3127 rectilineae,
2525 3072 2660 3135 cujus
2692 3071 2832 3119 latera

131 3160 223 3211 sint
254 3154 429 3207 infinite
458 3140 621 3222 parva,
650 3160 941 3209 *considerari
982 3164 1175 3225 poterin
1226 3159 1434 3211 definitio
1481 3171 1633 3211 autem
1658 3202 1660 3204 .
1683 3171 1837 3211 nostra
1890 3160 2065 3212 infinite
2116 3178 2379 3227 parvorum,
2433 3180 2517 3229 qua
2555 3181 2606 3213 ea
2645 3179 2831 3228 prorsus

132 3255 444 3300 evanescentia
477 3253 710 3316 nihiloque
744 3248 945 3318 aequalia
979 3259 1236 3314 statuimus,
1269 3273 1424 3305 omnae
1458 3254 1778 3315 difficultateS,
1813 3274 1927 3321 quae
1961 3260 2106 3322 vulgo
2137 3268 2296 3307 contra
2330 3258 2451 3307 hanc
2483 3261 2829 3323 propositionem

130 3346 315 3410 allegari
343 3346 510 3402 solent,
541 3350 718 3408 penitus
750 3350 884 3397 tollit.
954 3329 1144 3407 Quando
1177 3355 1298 3398 enim
1332 3352 1525 3400 dicimus
1564 3352 1724 3399 lineam
1758 3367 1943 3400 curvam
1976 3369 2058 3415 per
2096 3355 2477 3401 multisectionem
2520 3356 2565 3400 in
2602 3348 2829 3399 infinitum

129 3422 361 3503 repetitam
396 3442 445 3487 in
477 3441 721 3502 particulas
753 3450 900 3490 rectas
930 3447 1087 3502 secari,
1128 3446 1241 3502 nibil
1274 3445 1401 3493 aliud
1425 3443 1721 3498 affirmamus,
1759 3448 1842 3493 nisi
1868 3447 1959 3495 hoc
1987 3450 2203 3495 sectionis
2229 3449 2363 3521 modo
2388 3461 2615 3508 nunquam
2642 3458 2831 3508 prorsus

36 3549 47 3568 -’
129 3533 189 3582 ad
220 3533 482 3597 particulas,
521 3548 638 3595 quae
670 3537 761 3582 sint
795 3535 988 3584 lineolae
1022 3546 1197 3592 rectae,
1238 3524 1484 3602 perveniri;
1533 3543 1688 3602 sicque
1729 3539 1785 3588 ab
1829 3543 1883 3588 iis
1923 3556 2014 3589 non
2057 3541 2365 3597 dissentimus,
2401 3542 2476 3602 qui
2513 3547 2684 3601 negant
2713 3539 2830 3602 ullas

132 3627 352 3676 &aarum
398 3641 638 3675 curvarum
686 3630 951 3691 particulas,
999 3636 1289 3693 quantumvis
1338 3636 1428 3680 sint
1477 3636 1687 3695 exiguae,
1737 3650 1936 3697 unquam
1977 3643 2100 3681 recte
2142 3649 2222 3696 pro
2265 3633 2440 3681 lineolis
2480 3634 2617 3680 rectis
2654 3632 2827 3682 haberi.

131 3719 467 3783 Quamprimum
500 3730 652 3770 autem
694 3723 938 3784 particulae
978 3721 1152 3772 infinite
1191 3741 1357 3788 parvae
1398 3728 1769 3785 considerantur,
1819 3742 1897 3774 eae
1937 3742 1965 3774 a
2007 3727 2240 3789 particulis
2281 3722 2457 3774 infinite
2498 3728 2648 3789 parvis
2687 3727 2829 3775 lineae

133 3820 284 3885 rectae
317 3816 499 3867 omnino
531 3812 783 3878 discrepare
817 3831 908 3863 non
944 3826 1150 3880 possunt.

165 3934 167 3937 -
263 3909 311 3955 2.
378 3908 482 3964 Quo
516 3907 628 3956 haec
662 3909 829 3957 clarius
862 3898 1187 3972 intelligantur,
1222 3914 1369 3975 primo
1402 3913 1585 3976 quidem
1618 3914 1794 3961 nullum
1826 3921 1896 3961 est
1930 3912 2130 3973 dubium,
2166 3916 2276 3978 quin
2303 3929 2470 3963 omnes-
2498 3918 2649 3979 partes
2682 3916 2827 3963 lineae

132 4005 307 4059 rectae,
344 4005 641 4065 ,quantumvis
678 4005 772 4050 sint
810 4019 1009 4067 parvae,
1026 4012 1028 4015 “
1045 4006 1136 4052 sint
1174 4008 1346 4069 pariter
1382 4006 1571 4055 lineolae
1611 4014 1778 4055 rectae.
1855 4007 2077 4065 Quocirca
2116 4008 2300 4072 quando
2342 4009 2535 4058 dicimus
2575 4008 2824 4073 particulas
