3080 4562
713 318 1057 373 Institutionum
1100 317 1292 373 Calculi
1321 320 1646 391 differentialis
1683 319 1838 374 Sectio
1879 320 1975 374 ΙΙΙ.
2021 320 2138 392 Cap.
2183 321 2230 373 AE.
2711 314 2819 374 399

408 460 443 509 I.
514 459 606 509 AB
638 462 1023 525 perpendicularis
1054 462 1110 510 ad
1146 464 1368 510 sinistram
1805 465 1857 513 ln
1892 464 1990 528 Fig.
2019 466 2078 512 te
2112 466 2328 513 convenit
2388 464 2483 510 Mm

386 553 447 602 11.
516 555 603 603 EJ
636 556 737 619 plus
770 559 1012 604 semirecto
1044 555 1103 603 ad
1137 556 1416 604 horizontem
1452 557 1662 605 inclinata
1821 575 1844 601 α
1926 576 1947 601 «
2013 584 2079 594 —
2212 577 2235 602 «
2386 557 2468 607 Aa

367 646 444 695 III.
515 648 609 695 EF
638 652 874 697 semirecto
907 648 966 696 ad
998 649 1281 697 horizontem
1317 651 1530 698 inclinata
1818 668 1841 694 «
1925 669 1947 695 «
2016 677 2081 687 —
2212 670 2234 695 «
2384 679 2446 689 —

311 796 313 798 ¹
365 741 443 790 IV.
515 742 608 790 ΕΚ
638 745 784 791 minus
816 745 1052 790 semitecto
1085 742 1143 790 ad
1176 742 1456 791 horizontem
1491 746 1705 793 inclinata
1821 760 1844 786 «
1927 761 1949 786 α
2015 770 2082 780 -
2212 763 2235 789 «
2386 747 2464 793 Bb

383 834 442 883 V.
479 881 481 885 ,
511 835 598 882 BC
637 835 925 884 horizontalis
959 840 1164 900 superior
1819 853 1841 879 «
1923 853 1945 880 «
2014 863 2076 872 —
2208 856 2230 882 «
2383 840 2420 886 C
2426 855 2450 887 c

364 928 444 976 VI.
513 929 590 977 JG
631 931 777 977 minus
810 932 1050 978 semirecto
1083 930 1143 978 ad
1177 930 1458 979 horizontem
1493 931 1705 979 inclinata
1820 946 1842 972 «
1924 947 1965 973 «·
2012 956 2080 966 —
2211 950 2234 975 «
2383 932 2469 980 Da

339 1021 441 1070 Vll.
510 1022 551 1070 F
557 1022 595 1071 G
634 1026 869 1072 semitecto
903 1024 961 1072 ad
995 1024 1280 1073 horizontem
1314 1023 1524 1072 inclinata
1819 1040 1842 1067 ε(
1926 1042 1948 1067 «
2013 1051 2081 1060 —
2211 1043 2234 1068 «
2385 1027 2459 1074 Ee

318 1115 438 1164 VIII.
511 1117 597 1165 KG
638 1119 738 1181 plus
770 1095 1008 1166 semirecto
1040 1118 1098 1166 ad
1133 1093 1415 1181 horizontem
1450 1118 1662 1167 inclinata
1817 1108 1869 1160 «‘
1924 1135 1946 1160 «
2015 1144 2077 1153 —
2211 1137 2234 1162 «
2381 1147 2447 1155 —

357 1208 437 1282 IX.
506 1211 592 1258 CD
634 1212 1017 1275 perpendicularis
1050 1211 1108 1260 ad
1141 1213 1340 1259 dextram
1818 1228 1841 1253 «
1924 1229 1947 1255 «
2014 1239 2077 1245 —
2212 1231 2235 1257 «
2386 1209 2465 1271 Fr

385 1305 438 1350 X.
510 1303 597 1352 GL
630 1307 731 1368 plus
761 1309 1002 1362 semitecto
1035 1306 1091 1352 ad
1128 1305 1406 1352 horizontem
1441 1305 1651 1353 inclinata
1816 1322 1839 1347 «
1923 1322 1945 1348 «
2013 1331 2076 1341 —
2210 1324 2232 1348 «
2386 1306 2461 1371 Gy

362 1382 440 1446 XI.
512 1397 600 1447 GH
630 1401 868 1447 semirecto
902 1399 962 1446 ad
997 1399 1273 1446 horizontem
1308 1400 1521 1447 inclinata
1818 1417 1839 1442 «
1921 1417 1945 1442 «
2011 1425 2079 1435 —
2210 1418 2232 1443 «
2387 1400 2472 1448 Hh

335 1490 434 1539 XII.
510 1491 599 1549 GM
631 1495 777 1540 minus
810 1483 1049 1541 semi'recto
1084 1492 1141 1539 ad
1176 1491 1458 1540 horizontem
1495 1493 1707 1540 inclinata
1811 1510 1839 1546 ¹«
1874 1532 1877 1538 ,
1924 1511 1946 1536 «
2011 1520 2078 1529 --
2211 1512 2233 1537 «
2379 1521 2447 1531 -

316 1584 438 1633 XIII.
509 1582 604 1632 DA
638 1585 932 1638 horizontalis
962 1584 1146 1634 inferior
1918 1605 1939 1632 α
2007 1615 2070 1624 -
2205 1607 2227 1632 c(
2378 1589 2432 1637 Ji

316 1679 441 1728 XIV.
510 1678 605 1727 LE
636 1657 782 1727 minus
815 1682 1051 1727 semirecto
1086 1679 1144 1727 ad
1178 1680 1463 1729 horizontem
1498 1680 1708 1728 inclinata
1815 1697 1838 1722 «
1919 1699 1942 1724 «
2010 1708 2072 1717 —
2207 1701 2230 1727 «
2378 1711 2445 1721 -

335 1773 437 1822 XV.
505 1775 602 1821 ΗΕ
633 1776 872 1820 semirecto
908 1773 967 1820 ad
1001 1773 1286 1821 horizontem
1321 1776 1532 1821 inclinata
1814 1791 1835 1818 α
1917 1793 1958 1819 α.
2007 1801 2074 1812 -
2204 1794 2228 1822 ι
2378 1778 2462 1827 Kk

315 1866 436 1916 XVI.
506 1868 606 1915 ΜΕ
636 1867 738 1930 plus
773 1869 1012 1937 semirecto
1044 1866 1102 1914 ad
1137 1867 1420 1937 horizontem
1453 1868 1666 1925 inclinata
1732 1890 1736 1894 ·
1817 1885 1839 1911 α
1921 1886 1943 1912 «
2010 1895 2075 1905 —
2208 1889 2231 1914 «
2330 1865 2350 1878 ””
2382 1841 2450 1920 Lt

199 1970 338 2020 Nunc
371 1987 588 2036 quasnam
621 1972 938 2020 conclusiones
970 1973 1174 2035 singulae
1209 1972 1293 2019 hae
1326 1974 1574 2037 positiones
1607 1988 1689 2036 pro
1722 1980 1886 2020 natura
1920 1988 2082 2020 curvae
2115 1975 2428 2038 suppeditent,
2467 1992 2756 2040 exponamus.

252 2111 328 2157 148.
397 2109 572 2158 Primus
605 2108 791 2172 regulae
826 2110 941 2156 situs
973 2106 1019 2156 A
1030 2110 1069 2156 B
1099 2099 1291 2173 *praebet
1325 2124 1407 2172 pro
1441 2098 1659 2181 applicata
1687 2126 1803 2169 γε
1823 2110 1854 2156 0
1898 2123 2057 2157 omnes
2080 2109 2265 2158 *valeres
2304 2107 2460 2159 finitae
2496 2113 2824 2176 magnitudinis

10 2267 14 2274 „
117 2204 346 2252 abscissae
378 2200 443 2265 cc,
484 2219 566 2250 seu
618 2219 774 2251 omnes
824 2203 1045 2250 abscissas
1092 2199 1246 2251 finitas
1296 2203 1489 2261 indicat,
1538 2204 1706 2266 quibus,
1745 2203 1990 2266 respondet
2032 2190 2248 2267 applicata
2291 2220 2577 2255 evanescens.
2649 2207 2826 2257 Iudicat

11 2285 21 2375 ἶ
117 2298 303 2362 quidem
336 2300 471 2347 etiam
490 2298 730 2346 ¹abscissas
761 2306 1101 2356 evanescentes,
1152 2300 1190 2344 si
1233 2300 1451 2361 aequatio*
1484 2296 1625 2345 fuerit
1665 2302 1745 2360 p'er
1783 2313 1822 2344 ω
1859 2297 2013 2360 ejusve
2048 2306 2317 2360 potestatem
2352 2299 2610 2356 divisibilis;
2660 2302 2741 2350 sed
2778 2304 2825 2350 hi

10 2378 25 2464 ’ἶ
76 2384 81 2388 ’
119 2408 253 2441 casus
285 2409 371 2456 per
405 2401 648 2456 sequentes
679 2394 865 2456 regulae
899 2395 1147 2455 positiones
1181 2392 1350 2441 clarius
1381 2392 1665 2440 exhibentur.
1733 2391 1948 2454 Tangens
1989 2401 2140 2441 autem
2180 2396 2226 2441 in
2265 2393 2337 2442 his
2378 2410 2547 2444 curvae
2589 2398 2701 2446 locis
2734 2414 2826 2446 non

11 2486 50 2563 ξε·
118 2487 367 2535 indicatur.-

251 2581 492 2629 Secundus
524 2583 710 2645 regulae
744 2584 857 2630 situs
892 2583 938 2629 Ε
944 2583 982 2630 J
1003 2596 1069 2629 ea¹
1091 2597 1257 2629 curvae
1292 2589 1461 2644 puncta
1494 2581 1675 2639 indicat,
1711 2596 1796 2645 pro
1830 2581 1993 2653 quibus
2026 2589 2096 2629 est
2128 2590 2222 2629 tam
2255 2598 2372 2629 ae=
2390 2585 2444 2642 Ο,
2479 2600 2614 2647 quam
2644 2601 2760 2644 γ-ε
2778 2589 2825 2640 0,

14 2663 24 2706 3
117 2653 251 2724 simul
283 2684 439 2724 autem
467 2670 671 2723 ostendit
703 2683 966 2739 tangentem
999 2678 1046 2723 iu
1080 2678 1226 2738 ipsum
1260 2689 1386 2724 axem
1421 2675 1633 2734 incidere,
1670 2691 1752 2723 seu
1785 2678 1832 2724 in
1844 2659 2152 2739 fhis⁶punctis
2185 2692 2371 2731 curvam
2403 2678 2461 2725 ab
2492 2694 2572 2726 axe
2604 2682 2744 2742 tangi,
2781 2688 2827 2725 et

119 2778 276 2819 natura
311 2786 488 2819 curvae·
510 2771 688 2819 accedit
720 2771 776 2818 ad
813 2771 1070 2841 parabolam
1101 2773 1250 2818 oe'''=
1270 2773 1364 2831 Cyn
1398 2773 1620 2818 existente
1652 2786 1696 2817 m
1716 2780 1772 2829 >
1793 2786 1840 2818 n.

250 2867 430 2913 Tertius
459 2866 643 2928 regulae
677 2867 794 2913 situs
825 2865 917 2913 EF
944 2868 1116 2912 iterum'
1143 2881 1194 2913 ea
1229 2873 1399 2928 puncta
1431 2879 1597 2913 curvae
1631 2865 1831 2923 exhibet,
1884 2880 1967 2928 pro
2018 2866 2184 2928 quibus
2235 2872 2305 2912 est
2343 2873 2439 2912 tam
2478 2882 2596 2912 ae=
2615 2867 2645 2912 Ο
2688 2881 2824 2929 quam

16 2937 31 2961 ς
115 2962 301 3019 γ--0,
334 2959 416 3008 sed
449 2967 925 3023 quorum'tangentes
958 2955 1065 3007 sunt
1098 2960 1157 3008 ad
1189 2974 1315 3007 axem
1348 2960 1575 3022 obliquae,
1611 2973 1854 3021 earumque
1891 2960 2024 3007 simul
2056 2960 2301 3023 obliquitas
2334 2958 2576 3008 indicatur.

252 3054 449 3111 Quartus
474 3056 659 3117 regulae
684 3057 797 3102 situs
823 3055 910 3102 EK
942 3057 1076 3102 etiam
1102 3070 1224 3102 nunc
1256 3069 1310 3102 ea
1340 3069 1504 3101 curvae
1539 3060 1706 3116 puncta
1742 3053 1936 3111 exhibet,
1971 3069 2053 3116 pro
2086 3054 2250 3117 quibus
2283 3061 2354 3100 est
2384 3062 2478 3100 tam
2511 3055 2656 3101 oe=0
2689 3069 2823 3115 quam

22 3138 27 3142 ”
116 3163 152 3208 γ
170 3169 233 3190 =
255 3150 308 3204 0;
340 3149 449 3197 hinc
484 3164 593 3197 vero
627 3149 915 3197 concluditur
949 3156 1190 3211 tangentes
1223 3163 1388 3196 curvae
1423 3149 1469 3194 in
1496 3147 1566 3195 his
1592 3149 1773 3210 punctis
1797 3163 1898 3196 esse
1923 3147 1984 3196 ad
2008 3162 2135 3197 axem
2161 3147 2567 3211 perpendiculares,
2592 3155 2640 3195 et
2664 3154 2823 3195 natura

19 3256 30 3268 ·
121 3255 288 3290 curvae
320 3245 587 3305 exprimitur
619 3243 830 3306 parabola
860 3243 1119 3303 rm=Cae⁰
1151 3245 1374 3291 existente
1405 3249 1524 3298 m‘>
1549 3256 1596 3290 n.

254 3365 334 3413 149.
403 3366 598 3423 Quintus
630 3368 813 3430 regulae
847 3347 961 3415 situs
994 3367 1083 3415 BC
1114 3381 1198 3431 pro
1232 3366 1428 3414 abscissa
1461 3356 1628 3414 oe=0
1669 3365 1854 3429 praebet
1895 3380 2051 3414 omnes
2091 3359 2246 3414 finitos
2287 3367 2460 3413 valeres
2493 3365 2741 3428 applicatae
2770 3379 2820 3421 γ,

53 3526 62 3531 Κ
123 3474 269 3523 neque
295 3476 412 3528 'vero
445 3468 684 3523 tangentes
718 3477 886 3509 curvae
914 3464 968 3518 in
1001 3461 1072 3508 his
1107 3463 1288 3524 punctis
1321 3460 1508 3508 indicat.

154 3585 157 3594 ¹
254 3567 420 3617 Sextus
452 3570 636 3632 regulae
671 3571 786 3617 situs
820 3569 901 3631 JG
931 3570 1103 3617 indicat
1134 3572 1282 3632 posita
1314 3570 1510 3616 abscissa
1545 3571 1726 3628 oe--Q
1762 3564 1860 3616 fieri
1888 3569 2154 3631 applicatam
2177 3583 2213 3626 γ
2243 3563 2484 3623 infinitam,
2521 3567 2581 3612 ita
2615 3573 2667 3613 ut
2701 3574 2822 3612 recta

122 3663 180 3711 ad
213 3675 339 3711 axem
372 3668 417 3711 i'n
450 3667 668 3729 principio
708 3664 1002 3712 abscissamm
1037 3665 1249 3712 normalis
1282 3667 1342 3712 sit
1374 3676 1542 3712 curvae
1575 3671 1822 3725 asymtota,
1863 3663 2057 3726 ideoque
2095 3676 2246 3709 ramus
2284 3661 2359 3709 hic
2394 3658 2563 3709 curvae
2597 3660 2822 3723 hyperbo-

124 3744 266 3816 neus,-
289 3747 421 3823 cu'jus
453 3765 613 3806 natura
648 3758 836 3807 accedat
868 3758 927 3806 ad
961 3758 1220 3823 hujusmodi
1256 3759 1545 3823 hyperbolam
1581 3760 1798 3819 affy-⁰:
1821 3760 1874 3816 C,
1913 3758 1990 3805 ubi
2025 3759 2085 3804 sit
2118 3773 2149 3804 n
2168 3763 2224 3812 >
2248 3771 2304 3802 m.

254 3865 481 3929 Septimus
514 3867 697 3931 regulae
731 3869 847 3914 situs
880 3867 921 3915 F
927 3867 967 3916 G
999 3869 1164 3930 pariter
1198 3867 1368 3915 indicat
1400 3870 1545 3930 posito
1576 3870 1740 3914 oe=0
1776 3863 1874 3913 fieri
1910 3880 2113 3925 y=00,
2156 3866 2311 3927 sicque
2348 3866 2487 3927 ipsam
2523 3861 2640 3909 hanc
2675 3861 2820 3925 appli-

122 3964 265 4006 catam
299 3936 397 4007 Iore
432 3975 596 4008 curvae
628 3968 915 4022 asymtotam,
950 3961 1135 4024 ejusque
1169 3976 1346 4009 ramum
1379 3960 1720 4023 hyperbolicum
1753 3959 1813 4007 ad
1847 3966 2052 4007 naturam
2086 3957 2357 4022 hyperbolae
2390 3958 2575 4006 conicae
2609 3971 2682 4015 oey'
2700 3976 2762 3997 =
2787 3954 2822 3999 C

34 4044 36 4049 ’
122 4051 426 4101 accedentem.
