3080 4562
8 3320 9 3323 „
11 3295 13 3297 ¹
0 3099 17 3259 -φ-Ψπ--υ-
0 3050 2 3054 ’
0 3030 2 3035 ·
7 2996 11 2999 .

1170 1225 1839 1311 PRAEFATIO.

298 1639 442 1690 Anno
474 1639 631 1703 1844,
673 1647 774 1691 tum
808 1641 854 1691 in
887 1642 1131 1693 tabulario
1169 1642 1467 1694 Academiae
1502 1645 1816 1695 scientiarum
1849 1644 2279 1712 Petropolitanae‚
2319 1654 2422 1696 tum
2462 1647 2589 1697 inter
2629 1647 2846 1714 privatas

154 1758 311 1824 gentis
350 1756 700 1808 Eulerianae
739 1757 972 1819 schedas,
1013 1760 1197 1811 inventi
1225 1768 1336 1810 sunt
1364 1760 1647 1812 Leonhardi
1679 1760 1875 1812 Euleri
1915 1769 2153 1813 tractatus
2186 1764 2491 1831 complureS,
2532 1764 2661 1815 bene
2694 1765 2845 1814 limati

153 1882 204 1925 et
243 1875 306 1925 ad
343 1874 628 1926 umbilicum
669 1874 881 1926 adducti.
933 1875 1155 1926 Primum
1194 1876 1391 1944 quidem
1432 1876 1507 1928 his
1546 1879 1891 1946 manuscriptis
1923 1879 2053 1929 nulla
2094 1880 2407 1931 tribuebatur
2449 1882 2679 1943 attenti0‚
2717 1899 2845 1950 quae

150 1991 442 2059 jamdudum
480 1991 664 2060 publici
701 1992 826 2060 juris
871 1991 1000 2044 facta
1039 2009 1153 2044 esse
1191 2010 1340 2044 nemo
1381 2010 1480 2044 non
1518 2001 1746 2061 putaret3
1797 2011 1909 2045 mox
1949 2011 2070 2046 vero
2109 1995 2342 2047 nihildum
2382 2014 2552 2048 earum
2593 2015 2848 2049 commen-

147 2109 387 2158 tationum
431 2109 562 2177 typis
608 2108 912 2180 descriptum
955 2126 1069 2161 esse
1127 2110 1434 2179 diligentiore
1479 2111 1793 2180 inquisitione
1842 2111 1969 2163 facta
2017 2113 2317 2164 intellectum
2362 2122 2454 2164 est.
2530 2114 2743 2166 Proinde
2789 2133 2850 2166 ne

155 2224 243 2275 viri
293 2224 427 2275 docti
477 2234 710 2277 carerent
759 2227 881 2276 tanti
930 2227 1145 2278 auctoris
1190 2227 1426 2295 operibus
1476 2229 1745 2296 postumis,
1796 2228 1978 2280 Paulus
2026 2229 2272 2280 Heni-icus
2326 2229 2362 2279 F
2370 2247 2492 2293 uSS‚
2546 2230 2847 2282 Academiae

153 2343 466 2393 scientiarum
514 2342 920 2412 Petropolitanae
965 2345 1263 2396 secretarius
1305 2352 1607 2412 perpetuuS,
1656 2346 1820 2396 coetui
1861 2354 2035 2397 auctor
2080 2345 2167 2396 fuit
2211 2356 2262 2396 ut
2302 2346 2449 2397 editio
2489 2363 2696 2414 operum
2741 2364 2849 2398 om-

154 2460 286 2509 nium
325 2458 519 2510 Euleri
556 2461 911 2511 institueretur.

292 2577 563 2628 Arridebat
594 2594 714 2630 sane
751 2577 848 2630 hoc
882 2579 1159 2643 consilium,
1198 2579 1310 2643 sed,
1350 2579 1542 2631 ratione
1577 2578 1744 2630 habita
1778 2597 2063 2647 magnarum
2098 2581 2204 2648 ejus
2236 2581 2307 2631 rei
2340 2581 2699 2648 impensarum,
2742 2598 2846 2631 me-

145 2693 236 2743 lius
275 2694 430 2744 visum
469 2702 546 2745 est
583 2694 735 2745 edere
774 2695 1120 2747 collectionem
1162 2712 1260 2747 non
1298 2698 1515 2747 omnium
1555 2682 1921 2748 sed-minorum
1955 2705 2146 2747 tantum
2184 2695 2381 2748 Euleri
2419 2713 2651 2765 operum,
2691 2697 2757 2747 ita
2793 2706 2843 2748 ut

147 2809 222 2860 his
260 2826 437 2862 recens
481 2810 677 2862 detecta
721 2811 1039 2888 adderentur.
1114 2814 1290 2882 ltaque
1334 2821 1603 2882 congestae
1643 2821 1754 2863 sunt
1792 2821 1842 2864 et
1879 2830 1970 2864 suo
2010 2813 2183 2866 ordine
2222 2814 2495 2881 dispositae
2534 2823 2841 2865 commenta-

146 2927 305 2978 tiones
343 2926 540 2979 Euleri
583 2935 686 2979 tam
730 2929 894 2980 editae
938 2947 1085 2998 quam
1125 2931 1369 2996 ineditae3
1422 2939 1473 2982 et
1518 2947 1577 2981 ex
1618 2931 1847 2980 omnibus
1885 2946 1978 2981 eae
2017 2947 2147 2998 quae
2186 2930 2248 2981 de
2287 2930 2480 2981 theoria
2519 2947 2837 2981 numerorum

144 3052 293 3112 agunt
338 3011 479 3112 prelo
524 3046 784 3114 subjectae
828 3055 954 3097 sunt.
1013 3046 1235 3098 Tandem
1272 3064 1403 3098 anno
1448 3046 1582 3098 1849
1621 3050 1668 3097 in
1705 3047 1867 3098 lucem
1907 3047 2199 3115 prodierunt
2236 3047 2484 3097 volumina
2525 3046 2621 3096 duo
2661 3047 2729 3096 sic
2769 3048 2839 3096 in-

143 3160 355 3228 scripta:

285 3277 573 3330 Leonltardi
605 3279 805 3331 Euleri
838 3280 1259 3332 commentationes
1296 3280 1627 3332 arithmeticae
1665 3282 1905 3332 collectae.
1962 3279 2204 3350 Auspiciis
2236 3280 2527 3332 Academiae
2561 3279 2836 3349 Imperialis

141 3396 450 3449 scientiarum
487 3399 895 3469 Petropolitanae
934 3400 1185 3452 ediderunt
1219 3401 1432 3452 auctoris
1465 3411 1766 3470 pronepotes
1806 3399 1867 3451 P.
1909 3398 1973 3450 Η.
2014 3398 2152 3449 Fuss
2196 3407 2239 3448 et
2274 3397 2506 3449 Nicotaus
2544 3395 2689 3446 Fuss.
2753 3395 2835 3445 In-

139 3523 248 3563 sunt
279 3515 425 3581 plura
463 3514 661 3567 inedita.

279 3629 455 3698 Neque
497 3639 665 3683 tamen
705 3632 932 3685 inchoata
973 3634 1059 3684 tali
1097 3635 1248 3686 modo
1291 3636 1534 3686 minorum
1576 3634 1770 3686 Euleri
1816 3650 2025 3702 operum
2069 3632 2297 3683 collectio
2341 3630 2614 3681 continuari
2658 3631 2830 3697 potuit,

141 3745 326 3813 quippe
368 3762 479 3797 cum
526 3765 687 3816 neque
724 3751 891 3800 statuti
937 3750 1238 3802 Academiae
1285 3753 1473 3802 reditus
1517 3751 1792 3818 sumptibus
1837 3749 2002 3817 operis
2046 3764 2194 3815 pares
2233 3754 2422 3804 essent,
2467 3762 2628 3813 neque
2667 3754 2830 3796 extra-

142 3861 418 3914 ordinarias
455 3881 579 3932 opes
611 3874 712 3916 tum
750 3867 987 3934 temporis
1019 3884 1226 3935 sperare
1258 3868 1448 3919 liceret.
1490 3868 1734 3918 Videlicet
1766 3883 1859 3934 per
1890 3864 2213 3916 Academiam
2248 3880 2346 3914 non
2373 3863 2531 3926 stetit,
2569 3862 2827 3930 quominus

139 3978 371 4045 expleret
413 3982 611 4048 pietatis
653 3983 903 4050 quoddam
948 3983 1160 4035 officium
1218 3987 1323 4036 viro
1362 3984 1606 4047 debitum,
1658 3984 1739 4051 qui
1785 3999 1876 4051 per
1921 3982 2029 4050 plus
2072 3998 2221 4050 quam
2271 3979 2619 4048 quinquaginta
2670 3994 2826 4028 annos

275 4082 309 4110 ι..
330 4084 451 4115 Euleri
471 4087 522 4122 ορ.
543 4085 697 4121 posthuma.
715 4087 748 4113 τ.
763 4086 786 4114 1.
