3080 4562
265 331 371 384 316
1025 327 1083 378 L.
1125 325 1166 377 E
1180 326 1223 377 U
1234 325 1275 377 L
1284 324 1325 376 E
1335 325 1379 376 R
1391 324 1415 376 I
1452 323 1680 377 OPERA
1721 323 2107 377 POSTHUMA.
2686 394 2689 400 Ι
2749 344 2942 398 Analysis.

267 475 544 537 propositum
579 468 759 518 infinito
795 470 1007 532 pecuniae
1050 482 1238 514 numero
1273 482 1420 514 emere
1456 469 1626 515 ratione
1660 475 1835 530 posset,
1886 474 2010 531 parte
2052 474 2205 515 tamen
2246 464 2534 519 infinitesima
2568 478 2748 519 tantum
2779 487 2962 520 suarum

268 583 417 629 opum.
488 567 688 627 Regulae
723 567 861 628 igitur
894 561 1272 610 aestimandarum
1306 563 1496 608 sortium
1530 564 1755 624 expositae
1789 561 1847 609 ad
1883 562 2248 624 opulentissimos
2282 566 2509 626 pertinent
2541 565 2768 624 homines,
2812 573 2892 613 aut
2925 568 2963 613 si

267 661 335 716 id,
371 658 494 720 quod
526 659 636 706 ludo
670 660 843 721 acquiri
878 664 925 704 et
956 658 1097 703 amitti
1132 663 1302 718 potest,
1355 658 1577 703 rationem
1610 655 1749 702 habet
1782 658 2009 702 minimam
2043 655 2102 702 ad
2136 672 2245 719 opes
2279 638 2567 705 collusorum.
2637 659 2685 707 Si
2719 674 2829 706 vero
2865 659 2966 706 col·-

267 753 494 799 lusoribus
537 767 646 815 opes
693 755 783 799 sint
826 748 979 799 finitae
1019 757 1066 797 et
1107 750 1236 797 lucra
1270 750 1519 812 damnaque
1559 752 1778 797 rationem
1813 746 1988 796 finitam
2022 749 2081 796 ad
2114 765 2222 812 opes
2254 757 2460 807 teneant,
2508 753 2690 813 regulae
2723 753 2824 799 illae
2859 767 2967 800 cor-

267 849 513 894 rectionem
565 846 836 893 desiderant.
903 845 997 892 Nisi
1048 847 1168 892 enim
1217 845 1308 892 hoc
1355 851 1628 907 praestatur,
1680 843 1889 891 homines
1930 843 1989 891 ad
2033 859 2108 890 eas
2148 843 2448 891 aestimandae
2490 847 2627 892 sortis
2667 860 2771 893 suae
2812 860 2968 894 causas

266 937 515 1002 confugere
549 948 648 988 tuto
683 947 930 1003 nequeunt,
969 947 1015 986 et
1048 941 1110 986 ita
1143 940 1243 987 illae
1278 939 1445 986 nullius
1481 953 1669 1001 prorsus
1702 945 1851 985 essent
1882 953 2006 986 usus,
2061 938 2286 994 Quocirca
2320 937 2382 985 ad
2413 953 2564 985 veram
2593 939 2808 1002 cujusque
2834 941 2969 987 sortis

265 1036 631 1082 existimationem
666 1033 965 1096 indagandam
1000 1049 1181 1080 necesse
1214 1039 1302 1089 est,
1339 1039 1515 1094 praeter
1556 1032 1651 1079 ludi
1685 1032 1971 1080 conditiones
2006 1034 2141 1078 etiam
2177 1047 2285 1100 opes
2319 1032 2572 1079 ludentium
2606 1032 2891 1080 considerare
2924 1039 2972 1080 et

267 1129 583 1176 conclusiones
624 1129 679 1175 ab
724 1131 776 1174 iis
818 1127 1066 1190 pendentes
1100 1123 1342 1175 conficere.
1413 1127 1457 1173 Is
1490 1141 1600 1188 ergo
1634 1126 1766 1173 ludus
1799 1126 1907 1173 mihi
1942 1136 2037 1174 non
2069 1141 2239 1188 aequus
2275 1126 2472 1184 videtur,
2526 1142 2616 1189 quo
2651 1142 2681 1173 a
2714 1128 2786 1174 vel
2819 1127 2973 1176 lucror

266 1222 338 1269 vel
372 1223 535 1285 perdo,
572 1222 652 1270 sed
687 1225 726 1270 is
761 1222 939 1269 demum
969 1223 1121 1285 justus
1154 1228 1224 1268 est
1258 1220 1534 1278 censendus,
1571 1236 1660 1283 quo
1693 1236 1724 1267 a
1759 1221 1933 1268 vicibus
1966 1221 2040 1268 vel
2076 1219 2213 1268 ditior
2247 1221 2318 1268 vel
2343 1222 2583 1284 pauperior
2608 1220 2797 1280 reddor,
2831 1221 2973 1284 siqui-

268 1317 371 1365 dem
410 1324 651 1379 utrumque
696 1333 835 1379 aeque
876 1313 1006 1363 facile
1050 1314 1254 1362 accidere
1297 1322 1463 1377 potest,
1520 1322 1567 1361 et
1608 1316 1654 1362 in
1688 1314 1779 1363 hoc
1821 1331 1930 1363 casu
1963 1314 2074 1362 mihi
2108 1314 2293 1377 perinde
2327 1321 2395 1361 est
2429 1314 2586 1363 ludum
2619 1316 2713 1362 sive
2747 1317 2974 1379 suscipere

268 1414 360 1459 sive
403 1427 633 1469 recusare,
681 1411 738 1458 ad
779 1411 907 1458 illum
948 1426 1056 1457 vero
1101 1409 1258 1457 ludum
1300 1409 1425 1457 nullo
1470 1408 1605 1457 modo
1648 1410 1930 1468 accederem,
1985 1411 2069 1457 nisi
2113 1425 2256 1457 essem
2298 1410 2558 1457 ditissimus.
2609 1409 2720 1457 vSed
2760 1409 2806 1457 id
2839 1411 2975 1456 etiam

268 1507 411 1554 multo
446 1508 590 1567 magis
623 1513 692 1552 est
726 1513 920 1561 certum,
973 1521 1075 1551 eum
1110 1519 1207 1550 esse
1242 1505 1553 1551 stultissimum
1589 1503 1860 1566 putandum,
1912 1507 1989 1568 qui
2031 1520 2207 1552 mecum
2251 1504 2498 1551 secundum
2532 1507 2827 1566 posteriorem
2862 1518 2977 1551 con-

269 1599 486 1647 ditionem
523 1599 680 1645 ludum
715 1601 939 1661 suscipere
974 1599 1130 1656 vellet,
1168 1605 1215 1645 et
1246 1598 1355 1645 mihi
1395 1601 1485 1646 100
1526 1615 1568 1646 v.
1606 1613 1675 1661 gr.
1710 1599 1762 1646 R.
1801 1597 2004 1657 babenti,
2041 1601 2077 1646 si
2110 1599 2310 1646 lucrarer
2350 1600 2440 1646 100
2468 1599 2537 1655 R„
2573 1598 2774 1655 solvere;
2807 1599 2844 1644 si
2867 1612 2976 1646 vero

270 1693 504 1757 perderem
545 1700 722 1740 tantum
761 1694 820 1738 50
856 1693 933 1749 R.‚
976 1707 1001 1739 a
1041 1708 1112 1739 me
1152 1694 1353 1753 recipere
1396 1699 1517 1739 esset
1558 1700 1815 1740 contentus.
1884 1694 1948 1740 Ex
1980 1694 2070 1740 hoc
2102 1695 2244 1755 igitur
2275 1692 2496 1755 injustitia
2529 1693 2730 1739 omnium
2763 1690 2977 1739 ludorum
3025 1697 3029 1702 “

270 1789 556 1850 perspicitur,
609 1788 694 1833 nisi
728 1789 1018 1833 instituantur
1052 1787 1107 1832 ab
1142 1769 1402 1833 hominihus
1435 1783 1611 1832 infinite
1647 1785 1876 1834 divitibus.
1945 1787 2150 1843 Quantae
2192 1793 2344 1833 autem
2387 1786 2609 1849 cujusque
2644 1770 2751 1833 sunt
2787 1800 2896 1848 opes
2929 1793 2977 1834 et

270 1881 475 1938 divitiae,
511 1896 603 1928 non
636 1888 814 1927 tantum
846 1897 898 1927 ex
931 1882 1108 1942 argenti
1144 1886 1191 1925 et
1223 1879 1451 1927 honorum
1485 1880 1757 1942 quantitate,
1801 1880 1878 1927 sed
1912 1862 2146 1943 praeterea
2180 1895 2232 1926 ex
2265 1879 2364 1944 ejus
2394 1878 2556 1926 studiis
2590 1886 2637 1925 et
2667 1876 2975 1938 facultatibus,
3017 1924 3021 1925 ⁷

270 1990 322 2021 ex
364 1975 529 2037 quibus
572 1977 613 2021 ei
658 1991 838 2037 quoque
878 1972 1065 2021 foenora
1106 1970 1296 2020 affluere
1333 1981 1534 2036 possunt.
1603 1974 1701 2022 Hoc
1735 1977 1875 2037 igitur
1911 1974 2045 2022 modo
2080 1974 2281 2038 cujusvis
2314 1973 2509 2021 hominis
2544 1989 2653 2036 opes
2687 1955 2979 2022 determinari

274 2071 503 2126 convenit,
538 2069 758 2131 simulque
794 2071 1013 2132 pecuniae
1048 2071 1273 2131 quantitas
1307 2069 1593 2131 aequivalens
1627 2066 1808 2117 definiri
1844 2076 2011 2132 potest.
2062 2068 2361 2124 Quamobrem
2396 2068 2556 2130 opibus
2583 2068 2785 2147 cujusvis
2808 2074 2977 2116 certam

273 2162 497 2226 quandam
538 2165 712 2225 argenti
754 2165 1049 2226 quantitatem
1084 2162 1358 2209 substituere
1393 2164 1567 2221 licebit,
1619 2179 1751 2226 quam
1786 2170 1929 2210 status
1964 2163 2064 2227 ejus
2107 2164 2289 2210 nomine
2323 2163 2371 2208 in
2403 2147 2693 2224 sequentibus
2725 2160 2978 2224 appellabo,

272 2262 408 2318 atque
450 2263 686 2318 propterea
727 2257 946 2318 quispiam
991 2257 1037 2301 in
1079 2254 1216 2316 duplo
1260 2256 1486 2302 meliorem
1527 2263 1694 2303 statum
1729 2259 1963 2320 pervenire
1998 2243 2196 2315 dicetur,
2250 2256 2382 2320 cujus
2415 2272 2523 2319 opes
2559 2256 2698 2320 duplo
2732 2253 2853 2305 flunt
2883 2257 2981 2306 ma-

267 2350 412 2413 jores,
468 2349 540 2395 vel
580 2352 731 2411 potius
772 2350 856 2411 qui
893 2355 1046 2395 censet
1085 2363 1132 2394 se
1176 2347 1317 2411 duplo
1360 2350 1690 2431 opulentiorem
1730 2334 1828 2398 esse
1862 2349 2049 2398 factum.
2119 2350 2164 2398 Is
2199 2352 2317 2398 enim
2352 2351 2533 2398 demum
2568 2351 2707 2414 duplo
2742 2351 2880 2400 ditior
2911 2357 2983 2400 est

274 2441 598 2498 aestimandus,
651 2444 726 2504 qui
766 2457 908 2530 aeque
952 2442 1164 2503 proclivis
1206 2449 1275 2487 est
1316 2441 1497 2504 duplam
1540 2446 1716 2506 argenti
1750 2459 1968 2491 summam
2002 2459 2191 2507 erogare
2224 2446 2272 2491 in
2305 2459 2434 2502 casu,
2485 2460 2575 2507 quo
2609 2451 2743 2493 antea
2774 2445 2980 2526 simplam
3057 2459 3064 2465 ·

274 2542 452 2583 tantum
485 2536 733 2599 expendere
770 2551 859 2582 non
893 2534 1130 2583 dubitavit.
1191 2535 1270 2583 His
1313 2551 1424 2599 ergo
1465 2526 1739 2599 praemissis,
1786 2539 1863 2600 qui
1896 2540 1944 2584 in
1978 2537 2112 2596 ludo,
2146 2538 2215 2586 vel
2249 2540 2434 2601 negotio
2469 2538 2664 2601 quodam
2698 2538 2816 2587 duos
2848 2539 2982 2587 casus

275 2629 412 2677 hahet
446 2630 649 2693 objectos
686 2646 827 2692 aeque
862 2630 1106 2692 proclives,
1143 2646 1334 2692 quorum
1369 2631 1513 2679 altero
1549 2633 1595 2678 in
1628 2639 1795 2680 statum
1831 2633 1893 2691 b,-
1919 2633 2064 2680 altero
2098 2634 2145 2680 in
2179 2639 2347 2680 statum
2372 2648 2396 2680 c
2420 2632 2677 2693 reducitur,
2713 2634 2811 2697 ejus
2837 2636 2984 2682 status

279 2724 428 2771 valere
463 2724 690 2786 putandus
722 2731 790 2770 est
822 2720 946 2777 Vbc.
989 2725 1071 2771 Hic
1106 2727 1225 2771 enim
1261 2732 1405 2772 status
1437 2733 1565 2774 tanto
1601 2741 1696 2774 esse
1724 2710 1859 2774 debet
1885 2729 2032 2775 minor
2057 2727 2202 2774 altero
2230 2727 2279 2785 b,
2315 2734 2484 2789 quanto
2510 2734 2579 2774 est
2603 2728 2747 2790 major
2772 2728 2915 2776 altero
2941 2724 2980 2776 c.

277 2818 364 2874 Qui
398 2821 539 2880 igitur
573 2834 675 2865 eum
712 2821 756 2864 in
791 2826 959 2865 statum
993 2815 1092 2873 Vbc
1127 2819 1351 2867 collocare
1385 2823 1660 2882 promiserit,
1698 2823 1738 2869 ei
1772 2829 1939 2869 sortem
1973 2837 2097 2869 suam
2133 2820 2333 2868 cedere
2312 2836 2417 2884 Jure
2444 2828 2609 2901 potest.
2661 2822 2804 2870 Simili
2830 2814 2982 2880 modo,

279 2915 356 2976 qui
389 2920 482 2960 tres
517 2913 675 2960 obvios
716 2913 856 2960 habet
891 2929 1041 2970 casus,
1094 2929 1284 2976 quorum
1323 2929 1440 2961 unus
1474 2916 1618 2978 ipsum
1653 2919 1698 2963 in
1734 2924 1901 2964 statum
1935 2917 1983 2974 b,
2034 2914 2263 2963 secundus
2296 2916 2343 2962 in
2377 2922 2542 2963 statum
2577 2931 2622 2974 c,
2665 2923 2712 2963 et
2744 2918 2903 2964 tertius
2936 2918 2984 2964 in

279 3027 445 3067 statum
477 3021 509 3067 d
543 3023 806 3075 constituit,
853 3016 950 3079 ejus
982 3028 1127 3069 status
1161 3023 1310 3070 valere
1344 2997 1489 3079 Vbcd
1522 2986 1742 3072 dicendus
1776 3028 1867 3101 est,
1919 3031 2000 3072 aut
2033 3024 2090 3072 ab
2124 3023 2237 3082 alio,
2281 3029 2332 3089 ut
2374 3022 2440 3105 illi
2475 3027 2639 3070 sortem
2673 3039 2798 3071 suam
2833 3007 2981 3083 cedat,

282 3129 328 3175 in
362 3127 484 3175 hunc
518 3135 684 3175 statum
717 3102 859 3184 Vbcd
893 3100 1107 3178 constitui
1141 3129 1289 3179 debet.

2907 3194 2973 3220 s‘il

416 3279 590 3342 Regula
624 3296 676 3327 ex
709 3280 780 3327 his
811 3281 1005 3329 habetur
1037 3282 1171 3330 haec:
1212 3298 1370 3331 omnes
1403 3291 1570 3343 status,
1623 3287 1700 3348 qui
1733 3277 1926 3347 'singulis
1960 3274 2135 3333 casibus
2170 3285 2348 3331 evenire
2382 3290 2591 3346 possunt,
2631 3285 2677 3330 in
2710 3298 2758 3331 se
2790 3285 2986 3332 invicem

286 3373 641 3435 multiplicentur
675 3382 720 3420 et
757 3390 809 3421 ex
844 3373 964 3422 facto
998 3376 1122 3423 radix
1157 3376 1393 3439 dignitatis
1427 3381 1541 3424 tanti
1577 3378 1768 3440 gradus,
1805 3386 1920 3441 quot
1953 3386 2058 3425 sunt
2091 3393 2242 3436 casus,
2279 3378 2559 3435 extrahatur,
2596 3379 2682 3424 erit
2713 3373 2984 3426 haec‘va'lor

285 3473 427 3513 status
462 3470 761 3529 expectationi
797 3470 1132 3531 aequivalentis.
1203 3470 1464 3518 Secundum
1505 3473 1769 3520 methodum
1804 3472 2022 3523 hactenus
2055 3475 2269 3520 usitatam
2303 3478 2485 3535 oportet
2516 3486 2671 3519 omnes
2703 3460 2871 3528 status,
2899 3472 2984 3534 qui

286 3560 475 3620 singulis
509 3562 685 3608 casibus
719 3565 901 3609 evenire
935 3570 1146 3625 possunt,
1166 3566 1231 3639 ,in
1263 3580 1398 3612 unam
1433 3581 1648 3613 summam
1685 3567 1931 3630 conjicere,
1968 3582 2152 3629 eamque
2186 3582 2269 3629 per
2294 3581 2478 3614 casuum
2504 3579 2740 3612 numerum
2767 3563 2982 3622 dividere'.

286 3651 531 3699 Discrimen
566 3657 705 3715 igitur
740 3658 858 3703 inter
889 3657 971 3704 has
1005 3657 1116 3705 duas
1150 3659 1387 3707 methodos
1422 3662 1467 3707 in
1500 3661 1589 3709 hoc
1617 3663 1839 3718 consistit,
1877 3660 1999 3723 quod
2021 3668 2180 3708 ‘nostra
2203 3661 2573 3722 multiplicatione
2600 3661 2765 3717 utitur,
2800 3657 2983 3721 quando

286 3745 426 3791 altera
461 3747 708 3808 additione3
745 3752 849 3797 item
886 3751 1154 3810 elevatione,
1193 3754 1373 3816 quando
1408 3754 1519 3801 haec
1559 3757 1655 3817 ipsa
1688 3755 2098 3818 multiplicatione,
2123 3756 2217 3801 sive
2258 3769 2341 3801 nos
2383 3755 2666 3815 operationes
2710 3753 2983 3814 geometrice

288 3840 582 3896 instituimus,
636 3842 699 3887 illi
752 3859 858 3892 vero
906 3846 1211 3906 arithmetice,
1264 3850 1325 3895 ita
1375 3856 1429 3895 ut
1477 3865 1587 3911 quas
1628 3852 1914 3912 operationes
1954 3850 2003 3896 hi
2043 3848 2102 3895 ad
2141 3851 2261 3911 ipsos
2300 3854 2444 3894 status
2485 3845 2877 3903 accommodant,*
2900 3860 2984 3894 nos

286 3931 465 3978 easdem
506 3935 551 3978 in
592 3942 790 3982 statuum
832 3937 1133 3999 logarithmos
1174 3940 1520 4001 transferamus,
1573 3944 1760 4007 ejusque
1800 3943 1925 4007 quod
1959 3942 2113 4006 prodit
2147 3941 2407 4003 logarithmi
2442 3955 2655 3988 numerus
2689 3926 2980 4002 responderis,

288 4026 418 4073 nobis
451 4026 621 4074 indicat
655 4036 823 4076 statum
858 4032 1056 4081 ludentis
1088 4038 1356 4097 quaesitum.
1427 4037 1528 4084 Sint
1560 4054 1602 4085 m
1638 4053 1791 4098 casuS,
1844 4039 2005 4102 quibus
2038 4039 2085 4085 in
2119 4042 2289 4084 statu-m
2323 4049 2374 4092 a,
2410 4049 2441 4081 n
2476 4049 2626 4093 casm,
2662 4033 2826 4097 quihus
2847 4033 2980 4091 inb,

3058 4327 3061 4374 ,.,
