3080 4562
1061 323 1277 381 Litterae
1311 329 1378 381 ad
1413 329 1501 382 cel.
1542 328 1797 401 Laqranqe
1836 331 1987 383 datae.
2721 336 2828 391 557

142 482 249 524 scire
277 495 375 537 ergo
403 481 547 532 velim,
577 493 629 522 an
658 478 760 522 haec
787 480 841 523 sit
869 493 966 523 vera
990 481 1165 523 solutio?
1194 488 1235 524 et
1262 482 1298 524 si
1324 483 1378 525 sit
1406 496 1520 543 vera,
1559 496 1612 526 an
1639 497 1688 526 ea
1725 497 1806 525 non
1841 485 1993 527 directe
2024 498 2104 540 ope
2133 487 2313 529 methodi
2342 489 2556 544 cujusdam
2584 496 2719 533 certae
2753 493 2823 533 ob-

142 566 262 609 tineri
292 571 428 621 queat.

253 652 427 693 Litteras
459 656 547 692 tuas
576 656 657 691 tam
688 649 900 704 profundis
929 650 1261 692 meditationibus
1291 651 1460 693 refertas
1488 666 1583 694 cum
1612 652 1888 694 illustrissimo
1909 655 2094 708 praeside
2121 663 2262 698 nostro
2283 659 2596 708 communicavi,
2618 660 2688 713 qui
2715 673 2825 701 sum-

139 750 246 779 mam
281 743 390 778 tuam
426 736 685 790 sagacitatem
721 743 879 777 mecum
915 735 1137 790 plurimum
1167 741 1230 777 est
1257 737 1501 786 admiratus,
1536 737 1743 792 simulque
1778 738 1850 779 tibi
1886 752 1960 792 pro
1987 747 2178 794 suscepto
2209 742 2393 797 principii
2430 744 2618 786 minimae
2655 747 2825 787 actionis

139 821 386 878 patrocinio,
416 821 611 862 maximas
638 820 720 874 agit
746 820 914 875 gratias:
946 826 1100 875 tuoque
1121 821 1284 863 nomine
1303 835 1521 862 numerum
1549 822 1758 864 sociorum
1778 824 2009 865 academiae
2029 832 2193 867 nostrae
2222 827 2331 867 baud
2361 829 2619 873 mediocriter
2647 831 2826 873 illustra-

139 912 226 950 tum
255 906 306 948 iri
335 911 492 954 censet,
522 904 631 959 quod
661 918 812 945 munus
844 910 888 946 ut
916 905 990 946 tibi
1019 905 1253 948 conferatur
1281 906 1411 960 prima
1444 906 1579 947 oblata
1616 907 1829 949 occasione
1857 909 2029 951 curabit.
2080 910 2139 951 De
2171 924 2220 952 eo
2252 925 2417 966 quoque
2445 927 2605 955 mecum
2634 922 2696 957 est
2726 916 2822 958 allo-

136 998 271 1041 cutus,
299 998 346 1034 ut
373 1005 427 1033 ex
455 997 495 1033 te
523 990 763 1039 sciscitarer,
793 1003 844 1031 an
874 1003 955 1031 non
982 991 1138 1041 sedem,
1168 1004 1250 1046 qua
1279 993 1446 1034 Taurini
1474 992 1637 1042 frueris,
1667 1006 1763 1034 cum
1794 994 1874 1035 alia
1902 995 1944 1035 in
1974 995 2187 1036 Germania
2218 997 2296 1037 sub
2327 999 2521 1052 auspiciis
2554 1001 2662 1056 regis
2693 1002 2821 1044 nostri

137 1076 522 1127 munificentissimi,
549 1076 614 1117 cui
644 1081 684 1117 te
713 1075 997 1118 commendare
1026 1076 1168 1128 vellet,
1199 1084 1434 1132 permutare
1463 1078 1623 1133 cupias;
1658 1091 1739 1133 qua
1776 1079 1827 1121 de
1861 1094 1907 1122 re
1943 1086 1988 1123 ut
2020 1094 2085 1122 me
2120 1082 2337 1124 certiorem
2372 1084 2513 1134 facias,
2551 1086 2668 1127 enixe
2703 1101 2822 1142 rog0;

137 1162 236 1204 mihi
266 1162 374 1205 enim
402 1168 512 1203 certe
547 1159 650 1202 nihil
686 1161 916 1215 evoptatius
951 1162 1116 1204 exenire
1144 1169 1294 1218 potest,
1325 1177 1447 1219 quam
1473 1165 1510 1205 si
1540 1170 1676 1206 tecum
1704 1177 1842 1207 coram
1876 1168 2198 1218 communicare,
2228 1173 2381 1223 tuaque
2411 1171 2708 1213 consuetudine
2739 1172 2821 1213 frui

134 1248 288 1292 liceret.
337 1247 439 1290 Vale
467 1254 508 1289 et
537 1247 670 1297 salve,
701 1247 776 1288 Vir
804 1248 1147 1301 praestantissime

246 1356 423 1400 Berolini
453 1356 494 1400 d.
523 1356 579 1398 24
608 1356 758 1411 Aprilis
793 1357 914 1398 1756.
2005 1362 2098 1403 Tibi
2128 1362 2382 1405 deditissimo
2412 1363 2457 1407 L.
2485 1364 2682 1407 Eulero.

1339 1520 1626 1529 ——-

692 1831 769 1878 Vir
804 1832 1024 1877 clarissime
1060 1844 1108 1876 ac
1143 1830 1475 1890 praestantiss1me

243 1998 303 2040 Ad
340 1997 496 2038 litteras
533 2001 622 2037 tuas
659 1995 759 2036 mihi
780 1995 957 2049 ,quidem
992 1996 1310 2051 jucundissimas
1349 1995 1465 2050 prius
1500 1997 1750 2050 respondere
1786 1998 1920 2048 nolui,
1961 2012 2085 2054 quam
2119 2002 2363 2043 sententiam
2398 2008 2510 2044 tuam
2539 2017 2632 2046 cum
2668 2004 2818 2046 illustri

64 2059 71 2063 -
128 2085 319 2140 praeside
346 2088 489 2124 nostro
517 2094 624 2122 nunc
652 2081 695 2121 in
723 2081 852 2122 Gallia
881 2082 1054 2136 degente
1083 2081 1508 2131 communicavissem,
1530 2084 1600 2136 qui
1622 2084 1682 2124 uti
1704 2089 1820 2125 tuum
1842 2085 2233 2145 praestantissimum
2253 2088 2459 2142 ingenium
2479 2103 2639 2131 mecum
2659 2103 2819 2132 maxme

123 2170 365 2218 admiratur,
402 2170 459 2212 ita
494 2169 594 2210 mihi
631 2168 858 2219 mandavit,
893 2176 940 2211 ut
977 2170 1220 2223 quantocius
1253 2177 1293 2212 te
1330 2170 1571 2212 Academiae
1614 2177 1778 2213 nostrae
1820 2174 2164 2223 commendarem,
2210 2181 2250 2216 et
2285 2176 2327 2215 in
2362 2190 2581 2218 numerum
2614 2177 2817 2218 sociorum

121 2262 353 2298 nostrorum
379 2255 556 2297 adscribi
580 2268 780 2297 curarem.
809 2254 929 2304 Quod
958 2269 1052 2296 cum
1081 2269 1240 2297 summo
1270 2256 1473 2310 applausu
1502 2256 1626 2298 hodie
1654 2258 1708 2298 sit
1736 2259 1986 2312 expeditum,
2015 2265 2258 2301 consuetum
2280 2260 2460 2314 diploma
2490 2276 2583 2302 cum
2611 2262 2676 2303 his
2705 2263 2813 2304 litte-

50 2352 70 2361 *
121 2343 180 2386 ris
213 2342 404 2397 accipies.
451 2341 667 2383 Caeterum
702 2341 762 2383 ill.
791 2354 959 2395 praeses
994 2346 1132 2382 noster
1159 2340 1259 2382 mihi
1283 2342 1543 2395 perscripsit,
1577 2356 1623 2384 se
1657 2349 1750 2397 post
1780 2344 1956 2385 reditum
1984 2359 2107 2386 suum
2137 2347 2245 2399 apud
2273 2360 2411 2400 regem
2439 2353 2625 2388 nostrum
2655 2361 2817 2390 omnem

121 2441 291 2483 operam
327 2440 418 2470 esse
453 2416 752 2475 adhibiturum,
788 2433 835 2468 ut
868 2427 950 2468 tuis
985 2426 1142 2472 meritis
1179 2427 1340 2481 dignam
1372 2426 1592 2468 stationem
1627 2429 1822 2472 obtineat.
1872 2430 1973 2471 Cum
2002 2431 2038 2471 is
2068 2437 2152 2472 tam
2181 2445 2384 2486 propenso
2420 2433 2462 2472 in
2497 2438 2538 2474 te
2574 2434 2626 2474 sit
2655 2428 2811 2483 animo,

120 2513 230 2556 haud
268 2513 341 2554 abs
372 2526 419 2554 re
453 2512 541 2553 fore
576 2512 773 2561 arbitror,
808 2512 845 2552 si
879 2512 931 2552 ad
965 2512 1101 2565 ipsum
1139 2512 1295 2553 litteras
1333 2511 1429 2553 dare
1458 2513 1656 2563 volueris,
1693 2528 1796 2568 quas
1824 2515 1881 2556 ita
1910 2516 2111 2558 inscibere
2141 2517 2314 2570 poteris:
2347 2516 2371 2558 ἀ
2400 2520 2458 2560 Μ.
2491 2520 2535 2559 dc
2562 2520 2814 2573 Maupertuis,

115 2598 305 2654 president
332 2600 376 2639 de
404 2597 618 2640 l'acade'mie
650 2595 781 2650 roy'alc
809 2599 870 2638 des
898 2600 1055 2639 sciens-es
1086 2606 1119 2638 et
1147 2600 1410 2639 belles-lettres
1440 2600 1482 2638 de
1511 2601 1673 2649 Prusse,
1705 2599 1729 2640 ὰ
1759 2601 1976 2650 ‚Sa-Malo,
2015 2616 2094 2655 quo
2133 2603 2222 2644 loco
2253 2603 2445 2658 hyemem
2474 2607 2715 2646 commorari
2745 2607 2814 2648 de-

119 2686 260 2727 crevit.
312 2684 482 2727 Interim
510 2683 727 2725 Academia
770 2689 909 2725 nostra
942 2684 1279 2738 profundissimas
1315 2689 1405 2725 tuas
1440 2685 1725 2728 meditationes
1760 2696 1921 2728 summo
1961 2701 2055 2729 cum
2098 2688 2302 2730 desiderio
2338 2695 2542 2744 expectat,
2585 2692 2734 2745 quibus
2770 2692 2810 2732 in

118 2775 327 2825 posterum
356 2770 483 2811 nostri
512 2769 790 2811 commentarii
819 2776 1080 2812 exornentur.
1129 2770 1252 2821 Vale,
1284 2770 1358 2812 Vir
1387 2770 1629 2821 clarissime,

1500 2877 1679 2931 faveque
1708 2878 1857 2933 ingenii
1888 2879 1947 2920 tui
1977 2879 2227 2934 sagacissimi
2256 2880 2492 2922 admiratori
2520 2881 2806 2924 candidissimo

229 2975 407 3017 Berolini
435 2975 476 3018 d.
504 2975 534 3017 2
560 2975 672 3030 Sept.
706 2975 827 3018 1756.
2271 2980 2317 3023 L.
2347 2981 2551 3022 Eulero.

1317 3149 1599 3159 ——-..

1425 3295 1485 3336 4.

671 3464 747 3512 Vir
782 3466 1000 3513 clarissime
1038 3481 1084 3513 ac
1122 3468 1458 3527 praestantissime

220 3620 331 3664 Inter
364 3628 425 3665 tot
461 3629 502 3665 et
537 3629 619 3664 tam
653 3628 813 3666 atroces
849 3625 1047 3666 tumultus
1084 3625 1275 3676 bellicos,
1312 3627 1464 3680 quibus
1499 3627 1567 3669 hic
1601 3628 1876 3682 undequaque
1906 3628 2147 3683 premimur,
2184 3630 2306 3670 tantis
2344 3630 2454 3671 curis
2485 3630 2676 3684 equidem
2704 3645 2794 3673 sum

107 3706 333 3758 districtus,
369 3714 416 3750 ut
451 3709 540 3750 fere
574 3722 693 3750 omne
730 3711 1019 3751 commercium
1057 3711 1285 3753 litterarum
1322 3713 1527 3767 negligere
1562 3713 1641 3754 sim
1678 3719 1862 3762 coactus,
1902 3728 1954 3756 ex
1991 3728 2072 3767 quo
2106 3715 2305 3768 imprimis
2341 3721 2402 3763 te,
2442 3715 2522 3774 Virv
2551 3717 2794 3767 clarissime,

104 3791 226 3834 etiam
255 3798 380 3846 atque
409 3794 530 3835 etiam
558 3807 675 3848 rogo,
706 3799 750 3835 ut
780 3807 831 3837 ne
861 3795 960 3835 mihi
990 3808 1122 3836 meam
1151 3796 1435 3851 negligentiam
1464 3797 1505 3838 in
1533 3798 1747 3839 scribendo
1768 3799 1865 3840 vitio
1887 3804 2048 3840 vertere
2068 3799 2184 3840 velis.
2215 3798 2457 3854 Quanquam
2477 3807 2613 3842 autem
2633 3801 2792 3844 Miscel-

32 3930 34 3935 γ
103 3876 221 3919 lanea
255 3877 874 3933 philosophico·mathematica,
912 3893 1087 3934 quorum
1123 3882 1332 3936 exemplar
1359 3881 1458 3923 mihi
1488 3882 1685 3925 benevole
1722 3884 1954 3934 destinasti,
1989 3883 2169 3925 nondum
2203 3886 2356 3939 accepi,
2391 3899 2466 3928 nec
2501 3886 2673 3928 fortasse
2711 3893 2789 3927 tam

101 3963 183 4005 cito
211 3970 424 4018 expectare
452 3978 640 4019 possum,
675 3971 807 4007 tamen
837 3979 916 4007 non
938 3967 1066 4020 potui,
1090 3967 1187 4022 quin
1217 3967 1288 4008 tibi
1320 3980 1394 4022 pro
1425 3967 1504 4010 hoc
1533 3970 1763 4011 testimonio
1793 3970 1993 4011 amicitiae
2022 3970 2172 4024 gratias
2202 3983 2315 4025 agam
2346 3972 2555 4021 maximas,
2586 3971 2791 4025 simulque

28 4024 34 4039 ’Δ
100 4061 233 4090 meam
262 4047 458 4092 laetitiam
486 4057 527 4093 et
554 4051 859 4094 admirationem
881 4052 1096 4102 declarem,
1125 4054 1235 4107 quod
1266 4059 1345 4095 tam
1376 4054 1483 4096 felici
1513 4068 1707 4097 successu
1736 4060 1818 4098 tam
1846 4056 2046 4098 sublimes
2074 4069 2121 4098 ac
2150 4057 2485 4111 profundissimas
2515 4057 2785 4111 investigatio·
