3080 4562
302 373 411 427 522
1132 370 1189 424 L.
1232 370 1478 424 EULERI
1515 369 1738 424 OPERA
1772 366 2150 426 POSTHUMA.
2803 374 2936 418 Varia.

304 540 465 568 summo
494 539 560 567 me
588 524 735 580 gaudio
764 523 987 573 affecerint,
1015 527 1152 566 tamen
1181 523 1446 566 vehementer
1474 524 1596 581 doleo
1623 525 1693 574 Te,
1724 525 1817 568 aliis
1843 525 2017 580 negotiis
2037 530 2252 579 tantopere
2271 523 2477 574 obrutum,
2511 529 2594 567 tam
2622 529 2994 583 parum-temporis

301 614 353 654 ad
383 625 449 653 res
478 611 520 652 in
550 610 727 652 mathesi
756 609 1132 651 absconditissimas
1170 609 1415 651 excolendas
1443 611 1680 665 impendere
1710 624 1850 666 posse,
1879 624 2013 666 neque
2041 611 2121 652 nisi
2153 615 2359 665 rogatum,
2395 623 2488 651 cum
2517 611 2644 653 otium
2674 613 2803 654 fueris
2830 619 2993 664 nactus,

301 697 521 751 quicquam
549 696 758 749 suscipere
786 695 933 737 solere.
981 694 1103 743 Quod
1139 696 1175 737 si
1211 701 1350 738 autem
1384 697 1616 752 rogationes
1654 702 1814 739 tantum
1848 697 1959 751 apud
1987 696 2067 747 Te,
2101 696 2179 738 Vir
2211 695 2493 750 Amplissime,
2527 697 2683 747 valent,
2718 699 2911 753 equidem
2940 698 2994 742 de

299 781 491 824 scientiae
525 780 840 835 amplificatione
874 781 1050 824 maxime
1087 782 1235 823 mereri
1272 782 1432 833 videar,
1467 783 1503 824 si
1538 783 1598 824 Te
1632 784 1872 838 frequenter
1901 796 2112 842 rogarem,
2141 782 2189 823 id-
2214 782 2324 836 quod
2360 781 2646 824 lubentissime
2680 782 2878 834 facerem,
2913 785 2994 826 nisi

299 866 393 908 Tibi
420 871 584 921 rogator
613 866 871 920 importunus
900 866 1032 909 videri
1068 880 1246 909 vererer.
1295 869 1382 923 Ego
1411 882 1509 910 vero
1540 870 1599 910 Te
1628 852 1774 923 rogare
1803 883 1885 910 non
1916 869 2106 919 cessabo,
2145 869 2337 923 quoniam
2373 871 2483 908 tanta
2518 868 2700 921 praemia
2727 869 2768 909 in
2795 868 2992 912 scientiae

299 958 564 1007 augmentum
591 951 842 1004 redundant,
875 958 917 994 et
945 953 999 994 ob
1029 953 1134 995 hanc
1162 966 1328 995 causam
1354 954 1517 996 confido
1548 955 1607 996 Te
1635 955 1868 998 institutum
1894 955 1974 997 hoc
2002 965 2138 996 meum
2166 968 2248 996 non
2277 967 2396 1009 aegre
2427 940 2896 1009 laturumqtantumque
2924 968 2992 998 ro-

298 1037 450 1091 gationi
480 1049 595 1078 meae
625 1036 801 1085 tribues,
833 1044 1033 1091 quantum
1063 1038 1177 1080 voles
1208 1044 1249 1079 et
1279 1039 1633 1092 quantumotium
1663 1040 1889 1094 permittet:
1920 1053 1997 1095 ego
2026 1044 2136 1082 certe
2166 1038 2363 1094 quicquid
2391 1051 2415 1080 a
2435 1039 2494 1080 Te
2524 1037 2819 1092 impetravero,
2845 1039 2990 1084 lautis-
3070 1074 3072 1077 v

298 1122 391 1163 simi
421 1122 603 1163 muneris
632 1122 724 1164 loco
754 1120 928 1163 habebo.

412 1206 533 1256 Quod
561 1208 685 1262 igitur
714 1207 893 1262 primum
923 1186 974 1250 ad
1004 1208 1243 1250 methodum
1273 1209 1403 1250 Tuam
1433 1210 1663 1252 summandi
1692 1210 1844 1253 seriem

1513 1318 1531 1353 1
1658 1319 1676 1355 1

1386 1346 1771 1420 1—4--3--1-—9-4·
1828 1351 1905 1387 ete.

296 1477 461 1526 attinet,
494 1491 617 1531 quam
646 1477 853 1533 Petropoli
883 1490 976 1519 sum
1006 1483 1166 1528 nactus,
1196 1484 1320 1533 atque
1346 1480 1399 1521 ob
1429 1493 1638 1522 summum
1666 1493 1839 1522 acumen
1866 1479 2073 1522 communi
2094 1479 2340 1522 Academiae
2370 1480 2565 1534 suffragio
2595 1480 2904 1523 Commentariis
2930 1482 2990 1523 in·
3048 1518 3050 1523 .

294 1563 506 1604 serendam
537 1563 696 1623 curavi,
732 1565 924 1619 equidem
952 1565 1054 1605 nihil
1085 1565 1248 1606 omnino
1278 1566 1461 1608 invenire
1498 1567 1612 1631 potui
1627 1599 1642 1617 ,.
1674 1567 1784 1621 quod
1822 1572 1964 1608 contra
1991 1575 2082 1607 ‘eam
2112 1566 2232 1622 objici
2261 1572 2420 1620 posset,
2456 1579 2591 1620 neque
2620 1565 2723 1607 adeo
2752 1579 2873 1608 causa
2902 1564 2993 1623 erat

294 1648 412 1690 nobis
451 1649 663 1691 dubitandi
698 1664 798 1691 num
835 1650 1154 1704 publicationem
1183 1664 1303 1705 aegre
1338 1651 1395 1692 sis
1431 1651 1614 1693 laturus?
1663 1653 1828 1707 Majoris
1859 1657 1995 1694 autem
2023 1657 2112 1694 erat
2140 1652 2337 1694 momenti
2375 1652 2570 1708 objectio,
2609 1665 2716 1707 quae
2749 1652 2849 1694 mihi
2883 1653 2990 1706 facta

295 1740 358 1776 est
392 1741 532 1777 contra
561 1748 693 1777 meam
723 1736 962 1778 methodum
992 1750 1043 1778 ex
1071 1737 1179 1778 serie

1319 1833 1377 1888 ⁰⁴
1448 1843 1450 1845 ,
1534 1814 1571 1854 ,a
1688 1813 1727 1855 3⁵

1363 1859 1575 1921 Ξε-ῐ
1597 1858 1814 1922 4-1-2-5—
1876 1853 1954 1889 etc.

290 1980 478 2034 petitam,
508 1993 631 2035 quam
661 1980 739 2021 etsi
767 1979 904 2022 statim
933 1979 1235 2035 praevideram,
1266 1987 1402 2024 tamen
1431 1982 1548 2023 aliter
1576 1982 1693 2024 initio
1714 1983 1819 2026 tueri
1840 1996 1920 2024 non
1942 1983 2076 2038 potui,
2107 1984 2183 2026 nisi
2203 1983 2489 2034 monstrando,
2515 1983 2802 2026 summas‘hac
2830 1984 2898 2026 via
2925 1984 2988 2026 in-

290 2070 431 2106 ventas
468 2078 562 2106 cum
595 2065 787 2114 summis,
823 2078 925 2119 quas
962 2066 1064 2107 varii
1100 2067 1411 2121 approximandi
1447 2068 1557 2108 modi
1600 2068 1884 2122 suppeditant,
1923 2070 2110 2123 apprime
2149 2069 2381 2118 convenire.
2428 2069 2605 2111 Omnino
2645 2074 2786 2112 autem
2818 2074 2987 2117 eumue

292 2152 540 2206 objectiones
570 2151 658 2194 tolli
689 2151 791 2192 mihi
822 2151 1083 2203 videbantur,
1114 2152 1149 2194 si
1179 2152 1449 2213 demonstrari
1479 2158 1640 2207 posset,
1670 2152 2187 2207 aequationeminfinitam

1327 2286 1393 2328 0¹
1556 2255 1595 2295 8³
1702 2253 1743 2294 ⁸⁵

1369 2301 1829 2361 :s——ss-—i-ffi—
1890 2291 1968 2328 etc.

286 2422 393 2465 alias
418 2421 578 2465 radices
606 2422 650 2463 in
679 2435 726 2464 se
754 2435 837 2463 non
866 2421 1101 2475 complecti,
1131 2421 1210 2463 nisi
1239 2436 1343 2477 quas
1370 2428 1517 2464 natura
1545 2421 1689 2464 circuli
1717 2421 1928 2464 indicaret.
1974 2421 2133 2471 Quodsi
2162 2421 2280 2465 enim»
2298 2423 2423 2464 fuerit

808 2522 1192 2600 s÷fl÷fl-
1248 2560 1325 2597 etc.
1384 2533 1723 2635 =s(1--³⁸-)
1765 2532 2304 2635 (1-AE)(1-—”—)
2370 2555 2468 2606 «ἕω,

627 2641 631 2644 ⁴
922 2594 947 2629 6
1050 2593 1121 2630 120
1639 2604 1700 2629 ππ
1771 2629 1774 2631 μ
1885 2594 1991 2637 Amr
2188 2594 2281 2631 97c7t

290 2708 365 2739 seu
828 2682 1057 2742 1—24-
1080 2671 1146 2731 34-
1170 2721 1217 2729 -
1279 2703 1353 2740 etc.
1413 2715 1470 2736 =
1494 2676 1538 2778 (1
1558 2722 1614 2730 —
1632 2676 1712 2776 32)
1754 2677 1799 2778 (1
1823 2721 1871 2730 —
1888 2675 2005 2777 —⁸⁸—)
2047 2676 2091 2777 (1
2115 2720 2163 2730 —-
2180 2677 2298 2777 —⁸-⁸—)
2363 2704 2439 2740 etc.

454 2764 457 2766 >
949 2739 974 2774 6
1078 2735 1152 2773 120
1629 2745 1689 2769 ππ
1888 2735 1983 2772 dnn
2182 2737 2275 2773 9ππ

288 2858 399 2894 certe
430 2853 662 2895 coefficiens
696 2853 866 2906 secundi
895 2853 1057 2895 termini
1091 2876 1140 2885 -
1157 2825 1207 2926 {5-
1231 2850 1427 2906 ‘aequalis
1462 2863 1554 2892 esse
1590 2850 1712 2892 debet
1749 2861 1937 2891 summae
1972 2850 2289 2892 eoefficieutium
2323 2850 2455 2906 ipsius
2486 2847 2531 2893 a*
2552 2851 2594 2893 in
2622 2852 2795 2909 siugulis
2821 2853 2984 2897 factori·
3052 2832 3066 2883 ’ᾗ

289 2994 386 3043 bus,
415 3008 490 3036 seu
1252 2966 1630 3069 ÷=ss÷4ss¹53
1648 2965 1893 3066 -ι-ξὲ-τ-ι-
1948 2998 2026 3057 etc.

289 3155 415 3204 atque
444 3150 675 3192 coe'tl'iciens
704 3122 819 3192 tertii·
847 3151 1010 3192 termini
1037 3163 1096 3194 -ι-
1114 3125 1185 3225 {ng
1216 3151 1398 3206 aequalis
1431 3150 1509 3193 erit
1539 3162 1723 3191 summae
1755 3149 1957 3204 factorum
1986 3161 2036 3190 ex
2066 3148 2174 3190 binis
2209 3150 2395 3192 terminis
2424 3152 2543 3193 seriei

1374 3266 1392 3302 1
1506 3265 1524 3301 1
1659 3265 1677 3301 1

1352 3313 1438 3363 ἦ,
1469 3314 1591 3364 m,
1626 3313 1746 3364 εἷ’-τῖε,
1808 3297 1906 3341 elc.;

290 3426 465 3481 hincque
496 3427 532 3468 si
563 3426 686 3482 hujus
715 3426 838 3469 seriei
867 3427 1040 3482 duplum
1068 3427 1336 3469 subtrahatur
1363 3439 1387 3467 a
1418 3426 1618 3480 quadrato
1646 3425 1770 3466 seriei

1412 3533 1732 3635 ἐῆ-ι-ῑὶ-π-ι-
1776 3552 1864 3601 etc.

290 3696 515 3737 remanebit
539 3696 669 3738 series
697 3697 989 3751 quadratorum
1019 3696 1270 3752 singulorum
1299 3698 1567 3739 terminorum

289 3963 358 4004 Sin
386 3968 523 4006 autem
552 3964 764 4017 expressio
