3080 4562
271 332 334 385 18
1089 332 1148 383 L.
1187 329 1477 382 EULERI
1517 329 1739 383 OPERA
1775 331 2162 384 POSTHUMA.
2665 345 2925 390 Amthmetica.

397 485 503 530 133.
572 482 618 529 Si
654 485 793 544 igitur
832 482 883 527 M
909 487 955 525 et
989 478 1035 525 N
1060 476 1229 524 fuerint
1261 479 1436 524 numeri
1470 479 1588 524 inter
1621 493 1667 524 se
1694 479 1846 539 primi,
1881 484 2015 540 atque
2044 475 2287 523 multitudo
2313 490 2603 523 numerorum
2638 475 2694 522 ab
2733 477 2754 520 1
2794 473 2854 521 ad
2877 475 2939 530 M,

265 576 509 636 primorum
544 575 602 622 ad
641 577 709 632 M,
745 576 803 619 sit
838 587 983 629 zm,
1018 570 1262 618 multitudo
1299 586 1404 618 vero
1439 586 1728 618 numerorum
1761 571 1817 617 ab
1857 573 1876 616 1
1916 570 1973 617 ad
2009 570 2069 627 N,
2111 572 2354 632 primorum
2394 567 2452 614 ad
2484 567 2543 625 N,
2587 571 2644 614 sit
2679 585 2811 625 =n,
2843 574 2944 615 tum

262 667 504 714 multitudo
537 679 822 712 numerorum
853 662 912 709 ad
947 662 1220 724 productum
1254 663 1348 710 MN
1375 665 1622 726 primorum
1658 665 1843 725 ipsoque
1879 678 1968 709 non
2002 662 2244 725 majorum,
2280 662 2365 707 erit
2396 677 2565 708 =mn.

400 761 505 805 134.
574 758 687 803 Hinc
720 763 843 818 patet
886 755 1219 802 multitudinem
1253 758 1453 803 omnium
1497 771 1785 803 numerorum
1824 758 2097 818 primorum,
2147 754 2521 816 quemadmodum
2550 756 2644 818 jam
2681 755 2947 803 Euclides

266 849 609 906 demonstravit,
652 845 827 895 finitam
862 865 957 896 esse
1008 863 1100 895 non
1142 863 1286 910 posse.
1356 848 1403 894 Si
1454 851 1571 894 enim
1614 849 1798 895 ultimus
1839 854 1886 893 et
1928 848 2143 893 maximus
2191 861 2406 894 numerus
2454 849 2623 909 primus
2674 854 2792 894 esset
2824 869 2887 889 =
2897 864 2947 910 p,

263 948 483 987 statuatur
516 956 728 987 numerus
763 942 816 986 M
843 941 1039 1003 aequalis
1072 941 1293 1002 producto
1321 943 1520 988 omnium
1554 957 1843 988 numerorum
1877 943 2122 1003 primorum
2160 943 2210 987 M
2222 961 2285 981 =
2304 942 2555 987 2.3.5.7.
2578 976 2589 987 .
2613 957 2687 1002 .p,
2723 941 2801 1001 qui
2836 954 2947 1002 ergo

261 1032 320 1080 ad
354 1050 508 1082 omnes
541 1035 669 1097 plane
705 1049 915 1080 numeros
948 1039 1067 1080 esset
1100 1035 1395 1095 compositus:
1431 1049 1535 1080 cum
1569 1035 1708 1095 igitur
1737 1033 1859 1080 idem
1886 1049 2102 1080 numerus
2135 1034 2187 1079 M
2212 1032 2269 1080 ad
2303 1034 2355 1079 M
2369 1058 2430 1068 —
2454 1034 2502 1089 1,
2539 1032 2611 1079 vel
2646 1032 2799 1079 M÷1
2824 1039 2946 1080 certe

261 1128 319 1172 sit
352 1129 543 1190 primus,
578 1134 700 1190 patet
733 1128 1024 1173 assertionem
1060 1141 1155 1172 esse
1189 1125 1445 1172 absurdam.

397 1223 502 1268 135.
570 1221 634 1267 Ex
667 1216 969 1282 superioribus
1000 1224 1149 1264 autem
1184 1225 1326 1279 patet,
1366 1220 1483 1265 inter
1515 1234 1726 1266 numeros
1759 1221 1855 1282 ipso
1891 1221 1944 1266 M
1971 1221 2164 1267 minores
2197 1234 2289 1267 non
2315 1219 2461 1267 solum
2495 1233 2733 1266 numerum
2774 1221 2890 1266 M—
2908 1222 2948 1276 1,

262 1313 343 1361 sed
377 1316 509 1360 etiam
559 1314 709 1375 plures
743 1312 854 1359 alios
887 1311 944 1358 ad
979 1314 1030 1358 M
1058 1319 1179 1358 certe
1215 1326 1312 1358 esse
1348 1313 1536 1373 primos,
1587 1327 1693 1358 cum
1735 1311 1979 1359 multitudo
2014 1312 2177 1359 horum
2213 1326 2500 1359 numerorum
2535 1310 2593 1358 ad
2627 1314 2680 1359 M
2707 1314 2951 1375 primorum

261 1408 320 1453 sit
353 1407 682 1452 =1.2.lt.6.
704 1442 714 1452 .
737 1403 812 1468 .(p
829 1431 895 1440 -
918 1403 988 1466 1),
1025 1419 1136 1466 quae
1170 1420 1225 1452 eo
1253 1412 1323 1451 est
1347 1405 1511 1468 major,
1546 1422 1635 1468 quo
1661 1407 1813 1469 plures
1845 1410 2018 1454 numeri
2045 1387 2174 1470 primi
2208 1411 2254 1455 in
2289 1425 2336 1456 se
2363 1407 2554 1453 invicem
2582 1406 2950 1468 multiplicentur.

401 1501 506 1547 136.
577 1501 798 1546 Ponamus
841 1514 963 1543 m=
987 1499 1235 1546 1.2.1÷.6.
1261 1535 1271 1545 .
1295 1497 1458 1561 .(p—
1482 1497 1549 1562 1),
1594 1501 1810 1546 existente
1854 1501 2256 1548 M=2.3.5.7.
2280 1538 2290 1548 .
2313 1517 2385 1564 ·P³
2426 1507 2472 1547 et
2506 1515 2609 1547 cum
2651 1489 2731 1545 31)’
2754 1502 2773 1545 1
2813 1497 2872 1544 ad
2905 1499 2960 1545 M

263 1599 333 1638 tot
365 1594 455 1639 sint
497 1594 670 1639 numeri
705 1591 760 1637 ad
794 1593 847 1638 M
874 1593 1023 1653 primi,
1079 1598 1188 1653 quot
1229 1606 1271 1636 m
1312 1593 1515 1638 continet
1555 1594 1771 1650 unitates,
1821 1592 1869 1639 hi
1905 1594 1977 1640 vel
2013 1577 2264 1655 ipsierunt
2304 1594 2458 1658 primi,
2507 1593 2581 1639 vel
2624 1594 2861 1656 compositi
2900 1606 2952 1639 ex

266 1687 438 1748 primis,
474 1687 550 1747 qui
584 1686 673 1733 sint
706 1686 803 1746 ipso
831 1702 864 1747 p
898 1685 1103 1748 majores.

402 1780 507 1827 137.
574 1777 620 1826 Si
655 1778 710 1826 ab
752 1780 771 1824 1
804 1778 862 1825 ad
889 1776 939 1824 M
962 1775 1133 1825 fuerint
1168 1794 1208 1824 m
1235 1780 1408 1827 numeri
1433 1777 1492 1825 ad
1520 1781 1569 1826 M
1599 1780 1753 1840 primi,
1786 1780 1842 1826 ab
1883 1783 1903 1826 1
1942 1780 2001 1829 ad
2035 1781 2138 1828 ΞΜ
2166 1787 2300 1828 erunt
2335 1782 2424 1828 2m
2455 1780 2627 1829 numeri
2651 1778 2710 1829 ad
2743 1778 2956 1841 Mpfimi,

266 1879 313 1917 et
345 1873 390 1918 in
424 1886 590 1933 genere
623 1872 678 1919 ab
719 1875 738 1919 1
780 1870 839 1919 ad
875 1870 967 1917 NM
991 1878 1126 1918 erunt
1159 1870 1241 1918 Nm
1274 1873 1448 1919 numeri
1483 1870 1541 1918 ad
1574 1872 1629 1917 M
1657 1874 1800 1934 primi.
1869 1874 1922 1920 ln
1955 1875 2117 1935 quovis
2149 1875 2268 1921 enim
2301 1871 2537 1922 intervallo

716 1965 914 2020 1...M,
985 1965 1375 2021 M÷1...2M‚
1445 1965 1879 2022 2M÷1...3M,
1946 1965 2375 2021 3M÷1...1»M‚
2414 1968 2514 2027 etQ}

269 2057 510 2106 multitudo
544 2072 835 2105 numerorum
869 2056 927 2103 ad
962 2057 1014 2105 M
1043 2057 1290 2120 primorum
1324 2064 1394 2104 est
1427 2057 1598 2105 eadem.

403 2151 510 2199 138.
579 2149 626 2197 Si
661 2148 707 2195 N
733 2148 944 2210 designet
982 2149 1120 2195 alium
1162 2163 1399 2197 numerum
1441 2165 1775 2215 quemcunque,
1828 2157 1964 2217 atque
2006 2150 2062 2199 ab
2111 2154 2132 2198 1
2171 2150 2230 2200 ad
2271 2150 2316 2198 N
2342 2147 2513 2199 fuerint
2543 2165 2575 2197 n
2608 2150 2782 2200 numeri
2825 2147 2884 2200 ad
2915 2149 2963 2201 N

270 2243 421 2304 primi,
473 2242 528 2288 ab
568 2245 587 2288 1
628 2241 686 2288 ad
719 2241 813 2288 MN
838 2247 973 2290 eruut
1006 2242 1084 2288 Mn
1120 2243 1295 2290 numeri
1329 2240 1388 2289 ad
1421 2241 1467 2291 N
1494 2244 1638 2304 primi.
1708 2241 1772 2290 At
1805 2243 1853 2292 in
1888 2242 2046 2290 eodem
2083 2242 2321 2290 intervallo
2355 2250 2462 2290 sunt
2495 2241 2577 2289 Nm
2611 2244 2784 2290 numeri
2817 2241 2964 2312 adM

271 2336 411 2397 primi.
481 2334 565 2390 Qui
597 2342 746 2381 autem
781 2325 887 2383 sunt
922 2336 1051 2399 primi
1085 2334 1142 2381 ad
1176 2333 1283 2392 MN,
1319 2337 1348 2381 ii
1382 2351 1560 2398 quoque
1594 2341 1701 2386 sunt
1732 2336 1862 2401 primi
1896 2343 1989 2383 tam
2022 2334 2080 2382 ad
2114 2335 2168 2380 M
2196 2350 2330 2397 quam
2362 2333 2421 2381 ad
2457 2334 2506 2381 N.

406 2428 513 2473 139.
581 2427 701 2473 Ante
737 2435 885 2475 autem
919 2426 1218 2485 ostendimus,
1262 2430 1298 2475 si
1334 2428 1379 2474 hi
1414 2429 1587 2478 numeri
1622 2428 1671 2473 M
1702 2435 1748 2475 et
1783 2427 1828 2474 N
1854 2426 2024 2475 fuerint
2065 2429 2194 2490 primi
2242 2429 2359 2474 inter
2389 2441 2460 2484 se,
2502 2433 2599 2473 tum
2639 2428 2685 2473 in
2719 2427 2958 2480 intervallo

279 2524 392 2567 1...
415 2518 529 2566 .MN
556 2527 624 2567 tot
659 2519 755 2566 dari
791 2535 1004 2568 numeros
1054 2519 1111 2565 ad
1152 2520 1246 2570 MN
1273 2522 1462 2583 primos,
1499 2528 1612 2582 quot
1646 2536 1721 2568 mn
1752 2523 1983 2568 contineat
2022 2523 2240 2577 unitates;
2291 2521 2428 2584 hique
2478 2521 2652 2567 numeri
2687 2521 2734 2566 in
2769 2526 2958 2583 utraque

274 2613 567 2676 praecedente
602 2611 889 2660 multitudine
925 2614 1005 2659 Mn
1039 2619 1085 2659 et
1121 2610 1200 2657 Nm
1236 2619 1497 2659 occurrunt.
1537 2611 1606 2675 (³¹³)

1452 2818 1687 2870 Caput
1726 2817 1791 2860 V·

1234 2931 1294 2972 De
1333 2929 1509 2971 residuis
1548 2944 1600 2972 ex
1637 2930 1841 2972 divisione
1879 2932 2001 2973 natis.

411 3047 516 3095 1140.
585 3046 633 3093 Si
683 3060 898 3094 numerus
941 3059 970 3091 α
1008 3059 1100 3090 non
1141 3043 1198 3091 sit
1231 3042 1487 3105 multiplum
1537 3044 1709 3092 numeri
1742 3043 1794 3101 b,
1829 3030 1998 3103 Jdivisio
2050 3043 2172 3094 illius
2222 3059 2304 3107 per
2343 3043 2466 3095 hunc
2505 3058 2594 3090 non
2646 3042 2871 3099 succedit,
2915 3051 2963 3092 et

276 3153 481 3186 excessus
528 3140 700 3184 numeri
734 3153 762 3185 a
796 3153 930 3200 supra
970 3135 1227 3197 multiplum
1268 3137 1407 3197 ipsius
1443 3135 1470 3183 b
1499 3137 1694 3198 proxime
1747 3138 1894 3185 minus
1933 3138 2122 3186 vocatur
2172 3137 2397 3188 residuam
2436 3151 2487 3183 ex
2529 3134 2747 3185 divisione
2796 3141 2960 3187 ortum.
3011 3170 3014 3174 .

279 3230 346 3277 Ita
379 3232 414 3280 si
450 3232 508 3278 sit
539 3230 884 3285 azmb-ff-r,
921 3230 1007 3276 erit
1040 3244 1068 3272 r
1101 3227 1328 3275 residuum
1364 3242 1416 3272 ex
1449 3226 1666 3273 divisione
1701 3229 1873 3273 numeri
1907 3242 1938 3273 α
1971 3243 2052 3289 per
2085 3228 2112 3274 b
2147 3236 2316 3274 natum.

443 3349 500 3406 (*)
560 3349 678 3391 Notae
698 3348 764 3390 Ill.
786 3350 963 3390 Auctoris
982 3352 1150 3403 mar-pini
1168 3349 1389 3401 adscriptae.
1421 3348 1480 3388 De
1500 3347 1677 3388 maximo
1698 3348 1904 3391 communi
1925 3348 2103 3392 divisore
2123 3350 2294 3403 ejusque
2314 3349 2558 3392 inventione.
2577 3372 2624 3382 -
2649 3349 2690 3390 Si
2709 3349 2744 3390 A
2763 3354 2806 3395 et
2823 3350 2862 3393 B
2879 3349 2962 3394 sint

554 3420 714 3462 numeri
737 3419 876 3473 primi,
905 3421 1075 3462 inveniri
1098 3426 1232 3474 potest
1252 3418 1486 3473 multiplum
1506 3419 1635 3472 ipsius
1655 3419 1708 3467 A,
1741 3418 1850 3472 quod
1869 3432 1945 3473 per
1965 3421 2002 3460 B
2021 3420 2196 3463 divisum
2217 3420 2423 3474 relinquat
2443 3421 2583 3462 datum
2602 3432 2818 3465 numerum
2839 3419 2880 3466 C.
2906 3443 2956 3453 —

556 3490 636 3539 Qui
656 3491 815 3533 numeri
835 3491 941 3531 inter
962 3505 1006 3532 se
1027 3491 1181 3532 fuerint
1201 3490 1339 3544 primi,
1360 3503 1503 3530 eorum
1525 3495 1747 3543 potestates
1773 3503 2040 3544 quaecunque
2061 3491 2169 3532 inter
2186 3505 2233 3532 se
2254 3498 2373 3532 erunt
2388 3492 2520 3545 primi.
2541 3515 2588 3523 —
2613 3491 2653 3532 Si
2674 3492 2710 3533 A
2729 3491 2783 3533 sit
2802 3492 2960 3546 primus

557 3562 608 3603 ad
629 3563 682 3610 B,
718 3566 840 3615 atque
862 3562 984 3602 etiam
1005 3562 1055 3603 ad
1080 3558 1133 3611 C,
1160 3563 1237 3603 erit
1257 3574 1423 3614 quoque
1450 3560 1502 3600 ad
1523 3559 1595 3600 BC
1612 3560 1782 3613 primus.
1807 3583 1855 3592 -
1880 3560 1919 3600 Si
1941 3562 2184 3614 productum
2215 3562 2289 3602 AB
2308 3563 2361 3603 sit
2388 3562 2591 3603 divisibile
2613 3554 2692 3616 xper
2715 3562 2895 3616 primum
2910 3576 2956 3617 p,

557 3633 752 3673 alteruter
776 3633 906 3673 factor
931 3646 1007 3686 per
1034 3647 1128 3674 eum
1154 3633 1231 3673 erit
1259 3631 1484 3673 divisibilis.
1510 3654 1559 3662 —
1584 3631 1623 3671 Si
1649 3631 1684 3674 A
1705 3637 1746 3672 et
1766 3632 1803 3671 B
1820 3631 1903 3673 sint
1928 3632 2049 3688 primi
2068 3633 2174 3673 inter
2193 3646 2256 3681 se,
2283 3634 2454 3675 inveniri
2481 3639 2652 3687 possunt
2676 3634 2837 3678 numeri
2859 3648 2899 3675 m
2915 3641 2959 3678 ot
2981 3667 2985 3671 -

562 3716 607 3749 n,
634 3710 677 3743 ut
697 3703 766 3744 fiat
786 3703 1108 3752 mA-nB=1‚
1134 3703 1200 3744 vel
1226 3703 1294 3743 alii
1317 3702 1447 3743 cuivis
1471 3715 1641 3743 numero
1672 3702 1779 3743 dato.
1803 3726 1854 3733 -—
1877 3702 1916 3742 Si
1936 3704 1991 3744 sit
2012 3718 2042 3757 φ
2062 3704 2265 3745 maximus
2291 3705 2516 3746 communis
2539 3705 2669 3746 factor
2693 3717 2958 3748 numerorum

563 3772 597 3811 A
620 3778 660 3812 et
680 3774 732 3820 B,
754 3779 840 3812 tum
857 3760 909 3840 ἦ
924 3780 966 3816 et
992 3759 1043 3842 ξ
1061 3779 1181 3814 erunt
1201 3772 1321 3827 primi
1342 3771 1446 3813 inter
1465 3785 1521 3812 se.
1548 3794 1595 3806 -
1621 3772 1661 3812 Si
1682 3786 1706 3812 a
1724 3785 1799 3826 per
1818 3774 1840 3813 b
1860 3773 2037 3814 divisum
2058 3773 2128 3815 det
2153 3774 2362 3815 residuum
2382 3788 2421 3823 r,
2442 3780 2529 3816 tum
2548 3787 2600 3815 na
2618 3787 2694 3828 per
2711 3777 2761 3815 nb
2780 3775 2958 3819 divisum
2995 3819 2997 3822 Α

560 3842 673 3882 dabit
692 3842 902 3883 residuum
921 3859 983 3884 nr.
1008 3868 1056 3876 —
1096 3844 1137 3885 Si
1157 3858 1183 3886 a
1202 3856 1276 3898 per
1295 3845 1316 3885 b
1335 3843 1512 3886 divisum
1539 3843 1608 3886 det
1633 3844 1844 3887 residuum
1862 3856 1904 3894 r,
1932 3846 2156 3888 communis
2176 3846 2305 3888 factor
2328 3859 2592 3889 numerorum
2613 3859 2638 3887 a
2656 3850 2697 3888 et
2716 3848 2756 3895 h,
2774 3846 2812 3888 si
2833 3861 2957 3904 quen

560 3909 711 3952 habent
736 3918 897 3964 praeter
921 3915 1136 3964 unitatem,
1163 3915 1283 3958 simul
1304 3915 1382 3957 erit
1408 3915 1538 3959 factor
1558 3915 1710 3958 residui
1731 3929 1764 3956 r.
1810 3915 2024 3966 Vicissim,
2058 3917 2133 3961 sib
2154 3922 2195 3961 et
2215 3931 2238 3957 r
2265 3915 2441 3961 habeant
2468 3930 2724 3960 communem
2750 3918 2956 3968 factorem,

561 3981 669 4021 idem
698 3995 862 4035 quoque
888 3983 1018 4024 factor
1044 3986 1119 4026 erit
1142 3986 1271 4039 ipsius
1290 3999 1326 4026 a.
1353 4008 1401 4017 —
1457 3986 1498 4026 Si
1523 3999 1548 4026 a
1568 3993 1608 4027 et
1627 3988 1648 4026 b
1672 3986 1752 4027 sint
1777 3988 1935 4028 numeri
1962 3988 2069 4029 inter
2094 4001 2139 4029 se
2165 3988 2285 4042 primi
2310 3993 2350 4029 et
2367 3990 2500 4041 a>b‚
2525 3988 2603 4029 erit
2621 3991 2888 4044 a=mb÷p3
2913 3996 2956 4033 et

561 4053 691 4104 b>p‚
715 4058 801 4093 tum
823 4066 922 4094 vero
942 4055 1174 4108 b=np÷q
1195 4063 1235 4097 et
1253 4059 1388 4110 p>q,
1410 4057 1552 4111 sicque
1573 4057 1736 4098 tandem
1755 4057 1806 4103 ad
1827 4046 2032 4100 unitatem
2045 4059 2318 4112 pervenietur.
