3080 4562
296 327 405 382 402
538 388 547 397 x
1094 322 1152 375 L.
1191 291 1483 376 EULERI
1529 322 1755 377 OPERA
1792 324 2177 387 PosfflUMA.
2774 347 2967 402 ,ww-2

1480 460 1694 514 Caput
1729 462 1798 504 v·

1039 546 1099 587 De
1133 546 1363 587 inventione
1399 559 1606 588 ramorum
1643 546 1685 586 in
1723 546 1927 588 infinitum
1963 552 2240 590 extensorum.

368 676 373 683 ,
428 637 470 681 1.
539 633 585 681 Si
620 648 724 696 pars
758 633 990 695 quaepiam
1023 632 1166 679 lineae
1202 647 1366 679 curvae
1400 634 1447 679 in
1482 622 1709 679 infinitum
1744 623 2026 690 extenditur,
2071 634 2171 697 eJus
2206 639 2374 695 puncta
2408 649 2433 680 a
2469 636 2687 698 principio
2721 637 2813 684 axis
2846 638 2989 686 inter-

295 727 411 774 vallo
445 723 623 775 infinito
659 726 852 780 distant,
886 741 1181 789 quaecunque
1216 728 1351 772 etiam
1384 726 1501 773 linea
1535 733 1663 773 recta
1697 742 1780 789 pro
1813 743 1895 773 axe
1929 734 2194 783 assumatur.
2262 726 2376 774 Hinc
2410 729 2447 774 si
2480 727 2700 777 abscissae
2733 745 2789 788 ω,
2826 730 2989 794 quibus

293 824 403 868 rami
440 818 601 868 infiniti
635 820 931 884 respondent,
975 821 1048 867 vel
1083 828 1374 879 evanescant,
1418 820 1489 867 vel
1523 822 1615 867 sint
1648 817 1804 868 finitae
1842 821 2189 883 magnitudinis,
2228 821 2475 889 applicatae
2506 838 2541 882 y·
2573 826 2824 871 necessario
2859 832 2992 872 erunt

291 911 466 962 infinite
501 930 712 978 magnae;
754 930 807 962 ac
842 916 1058 972 vicissim,
1095 917 1130 961 si
1166 915 1413 978 applicatae
1447 916 1536 962 sint
1571 915 1642 961 vel
1677 922 1998 962 evanescentes
2030 915 2101 962 vel
2135 911 2360 972 infinitae,
2395 915 2614 963 abscissae
2649 923 2783 964 erunt
2806 912 2991 967 ‘infinite

292 1025 494 1072 magnae.
564 1009 897 1072 Saepenumero
938 1011 1074 1055 etiam
1117 1010 1283 1066 evenit,
1331 1015 1383 1056 ut
1422 1015 1516 1055 tam
1551 1008 1773 1055 abscissae
1813 1024 1944 1072 quam
1999 1009 2248 1071 applicatae
2288 1010 2335 1055 in
2374 1005 2555 1056 finitum
2596 1009 2773 1059 abeant.
2841 1009 2989 1071 Quare
3026 1061 3033 1071 x

291 1119 557 1166 quacunque
591 1104 708 1151 linea
742 1111 863 1150 recta
897 1117 980 1165 pro
1021 1118 1101 1149 axe
1141 1109 1358 1161 assumta,
1399 1118 1554 1149 omnes
1589 1118 1752 1150 curvae
1788 1105 1897 1149 rami
1932 1104 1978 1149 in
2010 1099 2236 1150 infinitum
2277 1090 2909 1163 excurrentesinvenientur,
2953 1105 2990 1152 si

289 1197 655 1245 coordinatarum
680 1214 715 1244 a:
740 1204 786 1244 et
808 1213 843 1258 γ
871 1196 940 1243 vel
966 1195 1107 1245 altera
1130 1196 1205 1244 -vel
1232 1203 1421 1258 utraque
1449 1192 1623 1250 infinita
1651 1203 1858 1258 ponatur.
1912 1196 1987 1244 Sic
2021 1198 2066 1244 in
2100 1198 2434 1245 enumeratione
2467 1199 2632 1245 situum
2658 1198 2842 1260 regulae
2870 1199 2992 1250 circa

290 1288 425 1338 finem
460 1294 618 1354 capitis
651 1290 965 1354 praecedentis
996 1287 1138 1347 facta,
1176 1297 1326 1341 sextus
1359 1305 1462 1337 cum
1495 1281 1786 1353 sequentibus
1818 1289 2026 1338 omnibus
2059 1305 2205 1338 ramos
2237 1293 2283 1339 in
2317 1287 2543 1339 infinitum
2573 1298 2781 1344 extensos
2805 1290 2989 1342 indicat.

422 1388 468 1445 2.
536 1386 799 1448 Quanquam
829 1392 985 1432 autem
1016 1383 1131 1431 haec
1163 1399 1390 1432 ramorum
1425 1386 1470 1431 in
1507 1380 1732 1432 infinitum
1767 1391 2053 1433 extensorum
2088 1387 2287 1443 inventio
2321 1387 2366 1433 in
2398 1387 2542 1450 capite
2568 1384 2866 1450 praecedente
2892 1385 2991 1450 jam

289 1482 487 1543 exposita
519 1479 717 1537 videtur,
762 1480 839 1526 ubi
882 1493 962 1542 per
1002 1479 1187 1540 regulae
1229 1477 1574 1540 'applicationem
1614 1477 1673 1526 ad
1714 1474 2179 1540 parallelogrammum
2222 1478 2567 1528 Newtonianum
2601 1478 2799 1545 indolem
2832 1493 2989 1539 eorum

290 1590 453 1622 curvae
481 1589 721 1632 ramorum,
757 1588 838 1636 pro
865 1573 1027 1636 quibus
1055 1572 1125 1620 vel
1154 1573 1372 1620 alterutra
1407 1572 1773 1620 coordinatarum
1795 1573 1869 1620 vel
1902 1580 2091 1636 utraque
2124 1575 2168 1621 in
2202 1569 2427 1622 infinitum
2461 1573 2569 1632 abit,
2602 1575 2991 1638 investigavimus,

288 1676 438 1715 tamen
470 1683 790 1731 saepenumero
824 1668 1094 1714 accuratiori
1130 1667 1477 1729 investigatione
1513 1681 1627 1728 opus
1662 1673 1754 1723 est,
1798 1681 1917 1714 cum*
1937 1666 1994 1715 ad
2028 1682 2178 1718 veram
2214 1669 2444 1729 tangentis
2478 1669 2766 1731 positionem,
2787 1661 2900 1718 ‘tum
2931 1665 2991 1716 ad

286 1771 492 1811 naturam
527 1765 664 1824 ipsam
698 1761 819 1808 illius
851 1775 1017 1807 curvae
1053 1761 1271 1822 portionis
1304 1755 1632 1817 definiendam,
1674 1761 1739 1807 uti
1769 1760 1861 1823 jam
1897 1775 2030 1823 supra
2066 1763 2307 1809 innuimus.
2374 1761 2491 1818 Quin
2523 1763 2657 1811 etiam
2691 1759 2790 1811 fieri
2823 1769 2989 1825 potest,

285 1859 362 1919 qui
398 1872 528 1903 casus
563 1858 777 1918 imprimis
812 1862 919 1902 sunt
951 1853 1158 1909 notandi,
1193 1860 1244 1900 ut
1278 1868 1360 1915 per
1395 1855 1529 1900 situm
1569 1853 1752 1915 regulae
1786 1869 1937 1901 ramus
1967 1869 2132 1902 curvae
2166 1856 2213 1902 in
2251 1850 2481 1903 infinitum
2512 1863 2723 1905 extensus
2747 1856 2992 1922 indicetur,

285 1954 360 2013 qui
394 1958 544 1997 tamen
578 1952 614 1996 si
648 1951 925 2012 reliquorum
959 1950 1237 2011 aequationis
1270 1931 1565 1995 terminorum
1598 1949 1714 1995 ratio
1748 1949 1881 1995 simul
1907 1949 2142 2007 habeatur,
2178 1945 2292 1996 fiant
2325 1951 2588 2012 imaginarii.
2640 1952 2846 2015 Denique
2880 1958 2992 2001 usus

284 2046 683 2108 parallelogrammi
718 2052 822 2092 ante
856 2045 1078 2106 expositus
1111 2049 1288 2090 tantum
1330 2041 1390 2089 ad
1432 2057 1595 2089 curvas
1636 2042 1936 2105 algebraicas‚
1987 2058 2174 2107 quarum
2216 2046 2505 2108 aequationes
2545 2044 2603 2094 ad
2644 2038 2990 2094 rationalitatem

279 2140 375 2202 jam
408 2141 497 2186 sint
534 2138 798 2202 perductae,
841 2145 988 2202 patet3
1039 2138 1158 2184 unde
1193 2139 1229 2184 si
1266 2134 1475 2200 aequatio
1511 2136 1584 2183 vel
1619 2119 1960 2185 irrationalitate
2000 2140 2059 2185 sit
2092 2139 2339 2202 implicata,
2383 2140 2453 2187 vel
2497 2139 2610 2188 adeo
2651 2120 2988 2201 transcendens,

286 2234 498 2296 peculiari
533 2233 747 2280 methodo
782 2248 895 2295 opus
928 2233 1014 2278 erit
1048 2231 1106 2279 ad
1139 2232 1231 2279 hoc
1265 2233 1501 2292 negotium
1537 2230 1879 2293 expediendum.

421 2329 464 2375 3.
533 2327 718 2383 Quoties
752 2342 891 2374 curva
923 2334 994 2374 est
1028 2325 1279 2388 algebraica
1313 2325 1499 2388 ejusque
1534 2327 1740 2387 aequatio
1777 2325 1836 2372 ad
1868 2327 2211 2374 rationalitatem
2249 2335 2484 2386 revocata,
2520 2310 2990 2391 parallelogrammum

287 2422 639 2470 Nevvtonianum
674 2436 844 2469 summa
877 2436 980 2468 cum
1016 2421 1211 2471 utilitate
1243 2406 1448 2466 adhiberi
1491 2426 1665 2482 potest,
1714 2435 1806 2467 non
1857 2420 2005 2467 solum
2055 2420 2113 2468 ad
2165 2437 2310 2469 veram
2363 2424 2590 2484 tangentis
2631 2424 2900 2484 positionem
2941 2431 2992 2473 et

287 2531 451 2563 curvae
484 2523 688 2562 naturam
723 2530 803 2577 pro
839 2516 893 2561 iis
926 2530 1106 2578 quoque
1141 2514 1318 2560 casibus
1352 2511 1611 2569 eruendam,
1647 2513 1812 2575 quibus
1846 2515 2048 2575 superior
2080 2514 2324 2562 methodus
2357 2512 2637 2563 insufficiens
2663 2524 2733 2563 est
2760 2518 2867 2574 visa,
2903 2518 2989 2565 nisi

284 2613 375 2657 axis
410 2625 571 2657 curvae
606 2612 890 2664 immutetur,
943 2608 1021 2654 sed
1064 2610 1198 2654 etiam
1242 2608 1340 2670 ejus
1379 2623 1463 2680 ope
1505 2623 1584 2654 eos
1618 2621 1750 2654 casus
1785 2606 2052 2669 dignoscere
2088 2609 2263 2671 licebit,
2313 2610 2478 2672 quihus
2518 2612 2629 2657 rami
2671 2606 2860 2670 infiniti,
2911 2611 2989 2677 qui

286 2707 425 2767 primo
461 2706 628 2751 intuitu
669 2719 749 2767 per
790 2705 926 2751 situm
965 2704 1149 2766 regulae
1193 2702 1381 2749 indicari
1416 2702 1650 2760 videntur,
1704 2698 1826 2749 fiunt
1867 2703 2136 2765 imaginarii.
2205 2705 2310 2752 Dari
2353 2712 2502 2752 autem
2541 2704 2801 2769 hujusmodi
2842 2720 2987 2767 casus,

285 2801 420 2847 unico
464 2799 665 2861 exemplo
709 2813 872 2845 curvae
921 2797 1008 2844 hac
1049 2800 1311 2860 aequatione
1361 2812 1594 2860 expressae
1645 2796 2275 2865 (yy—aaess—i-aayyftb
2292 2797 2464 2846 a⁴=0
2506 2799 2722 2862 probasse
2771 2795 2986 2859 sufficiat,

287 2910 368 2957 pro
404 2908 489 2956 qua
524 2909 575 2939 ex
610 2893 1029 2955 parallelogrammo
1065 2892 1310 2938 eliciuntur
1351 2882 1462 2938 rami
1502 2893 1549 2938 in
1584 2886 1815 2938 infinitum
1857 2893 2052 2949 extensi,
2093 2908 2284 2955 quorum
2318 2899 2480 2940 natura
2519 2893 2788 2955 exprimatur
2821 2907 2988 2955 aequa-

286 2991 406 3035 tione
438 2975 828 3047 yy—aae—-Q
883 3001 986 3033 cum
1028 2993 1180 3032 tamen
1221 3001 1271 3032 ex
1313 2993 1407 3033 tota
1450 2986 1716 3048 aequatione
1759 2992 1970 3048 appareat
2010 2986 2178 3034 nullam
2229 2987 2360 3050 plane
2410 2986 2629 3034 linearum
2669 3000 2908 3034 curvarum
2945 2987 2988 3034 ei

286 3081 577 3144 respondere:
628 3083 854 3144 reperitur
905 3082 1022 3127 enim
1072 3076 1869 3143 yy-aoe=aV—(aa—i-yy),
1915 3081 1975 3127 ita
2022 3088 2074 3127 ut
2113 3082 2225 3128 nulli
2267 3080 2398 3144 plane
2436 3081 2681 3151 applicatae
2718 3095 2754 3140 y·
2786 3079 2986 3146 abscissa

286 3177 417 3222 realis
452 3174 735 3237 respondeat.
2142 3177 2144 3179 ’

419 3274 463 3316 [ι.
533 3270 808 3331 Intelligitur
842 3283 953 3330 ergo
987 3268 1044 3316 ad
1078 3276 1283 3315 naturam
1327 3283 1490 3314 curvae
1533 3269 1579 3314 in
1615 3265 1840 3316 infinitum
1875 3283 2091 3332 expansae
2124 3270 2378 3317 accuratius
2410 3266 2789 3331 investigandam,
2831 3281 2985 3316 eorum

288 3381 466 3430 quoque
501 3365 778 3427 aequationis
809 3366 1127 3421 terminorum,
1162 3364 1239 3426 qui
1273 3378 1379 3425 prae
1413 3363 1489 3414 iis,
1524 3378 1639 3424 quos
1673 3363 1828 3424 regula
1862 3363 2058 3428 trajicit,
2098 3370 2227 3411 erant
2259 3363 2478 3426 neglecti,
2520 3364 2738 3411 rationem
2773 3358 2985 3411 esscha&

287 3460 501 3515 bendam3
537 3462 574 3507 si
608 3461 708 3523 quis
742 3460 861 3506 enim
894 3458 1058 3507 horum
1091 3459 1402 3515 terminorum,
1439 3458 1612 3504 etiamsi
1647 3473 1728 3520 pro
1764 3454 1938 3506 infinite
1973 3461 2120 3522 parvis
2145 3459 2302 3506 haberi
2324 3466 2505 3523 queant,
2539 3459 2801 3521 imaginaria
2836 3456 2986 3506 invol-

289 3572 377 3623 vat,
412 3572 505 3612 tota
539 3567 744 3628 aequatio
771 3565 1030 3628 imaginaria
1058 3565 1143 3610 erit
1169 3560 1411 3609 censenda.
1463 3559 1538 3608 Sic
1570 3563 1651 3608 etsi
1687 3564 1835 3624 posito
1867 3579 1903 3610 ω
1935 3551 2135 3623 infinito,
2170 3564 2216 3610 in
2249 3563 2336 3612 hac
2367 3565 2634 3627 aequatione
2662 3535 2983 3640 γεξ-ι-ἕῶ

288 3681 503 3726 terminus
542 3657 602 3756 oe—bi
642 3693 747 3742 prae
786 3666 840 3756 {-
882 3678 1010 3743 rejici
1050 3684 1212 3741 queat,
1261 3678 1327 3724 ita
1369 3682 1422 3723 ut
1462 3674 1575 3723 haec
1615 3679 1822 3739 aequatio
1864 3693 1974 3726 casu
2012 3693 2127 3725 oe=
2145 3694 2214 3728 00
2260 3693 2517 3742 congruere
2559 3678 2800 3750 existimari
2841 3677 2984 3741 possit

288 3807 390 3839 cum
425 3794 507 3839 hac
539 3781 728 3869 y={‚
762 3801 916 3840 tamen
948 3795 985 3841 si
1018 3794 1237 3840 terminus
1271 3791 1468 3855 rejectus
1500 3808 1581 3841 seu
1613 3793 1712 3857 ejus
1737 3789 1996 3841 co'efficiens
2031 3793 2058 3840 b
2092 3794 2151 3840 sit
2183 3786 2485 3855 imaginariuS,
2521 3798 2622 3841 tota
2653 3788 2864 3854 aequatio
2897 3777 2996 3841 fiet

289 3899 568 3958 imaginaria,
610 3905 743 3959 atque
776 3899 1021 3960 applicatae
1060 3897 1269 3944 abscissis
1310 3892 1498 3944 infinitis
1539 3897 1867 3961 respondentes
1901 3903 2035 3944 erunt
2068 3882 2380 3959 imaginariae,
2423 3910 2569 3966 neque
2603 3909 2714 3958 ergo
2748 3894 2837 3942 hoc
2870 3908 2979 3943 casu

286 4003 497 4064 aequatio
527 4016 562 4060 γ
582 3987 699 4077 εξ
743 4000 801 4047 3(1
833 4007 994 4048 curvae
1028 3999 1226 4049 indolem
1259 4001 1615 4064 investigandam
1647 4001 1848 4049 adhiberi
1882 4003 2065 4063 poterit.
2101 4025 2562 4037 —————

1346 4114 1914 4147 ψ
