3080 4562
1475 287 1779 327 -Ν-

285 468 459 507 coetus
499 454 782 505 Academici
819 451 1066 520 quondam
1107 449 1264 499 fuerat
1302 447 1483 498 sodalis
1521 449 1710 515 optime
1749 447 1811 497 de
1853 447 2024 498 litteris
2063 447 2281 498 meritus.
2328 446 2395 497 At
2425 448 2463 498 si
2496 456 2676 515 coepta
2715 448 2863 499 editio
2902 449 2963 498 ad

283 572 432 623 finem
471 571 674 638 perduci
712 586 809 619 non
848 568 1026 634 potuit,
1067 565 1156 615 illis
1195 573 1360 615 tamen
1399 581 1526 632 quae
1566 564 1809 615 Eulerus
1848 564 2120 631 reliquerat
2158 565 2353 631 scriptis
2391 567 2523 615 viros
2562 565 2736 616 doctos
2768 565 2966 617 destitui

283 689 481 738 minime
520 686 592 736 fas
630 693 767 747 erat;
819 699 973 750 quare
1014 682 1281 732 Academia
1323 697 1476 748 opera
1517 690 1743 748 postuma
1797 680 1993 732 Euleri
2033 697 2257 731 seorsum
2311 681 2503 731 edenda
2555 683 2738 732 statuit.
2815 681 2967 732 Facta

284 813 359 855 est
401 804 593 870 negotio
633 802 820 868 longior
861 816 996 850 mora
1038 799 1199 850 varias
1239 815 1329 866 per
1366 814 1570 859 causaS,
1624 798 1712 848 sed
1757 799 1862 864 jam
1909 798 2065 848 lector
2113 806 2229 848 ante
2274 798 2446 849 oculos
2484 797 2637 848 habet
2678 797 2767 848 hos
2807 806 2970 850 tomos

285 921 404 969 duos
442 935 649 985 operum
694 925 1031 984 postumorum
1078 915 1289 965 Euleri.
1354 915 1494 976 Quae
1535 913 1607 964 his
1645 914 1979 973 continentur,
2027 923 2170 965 erant
2208 913 2460 982 hucusque
2500 914 2702 978 inedita,
2743 916 2966 983 exceptis

283 1035 525 1085 nonnullis
562 1051 689 1102 quae
728 1051 787 1084 ex
829 1033 988 1084 altero
1027 1041 1165 1083 tomo
1204 1032 1676 1082 commentationum
1716 1030 2141 1082 arithmeticarum
2181 1031 2453 1099 repetenda
2495 1039 2637 1083 erant
2675 1039 2726 1083 et
2758 1048 2966 1099 quorum

281 1160 604 1220 conspectum
643 1151 926 1218 subjicimus
944 1170 952 1199 z

2154 1290 2243 1331 opp.
2265 1292 2350 1330 post.
2371 1293 2395 1323 t.
2415 1290 2442 1322 1.
2563 1290 2696 1322 comm.
2717 1290 2857 1323 arithm.
2877 1292 2902 1323 t.
2922 1291 2968 1323 11.

290 1387 332 1438 1.
372 1386 634 1437 'l'ractatus
673 1387 735 1437 de
774 1401 1088 1435 numerorum
1130 1384 1351 1435 doctrina
1384 1421 2053 1433 .................
2170 1399 2219 1450 p.
2247 1382 2280 1432 5
2299 1412 2357 1420 —
2377 1382 2461 1433 75.
2570 1400 2619 1450 p.
2648 1382 2741 1435 501
2771 1412 2829 1421 —
2848 1382 2967 1434 575.

284 1505 332 1553 2.
376 1501 687 1554 Decouverte
714 1502 859 1552 d'une
893 1502 957 1552 loi
983 1510 1088 1552 tout
1113 1501 1504 1552 extraordinaire
1542 1500 1630 1550 des
1669 1500 1927 1564 nombreS,
1960 1516 2051 1567 par

425 1629 634 1688 rapport
672 1618 697 1669 a
739 1620 780 1669 la
821 1635 1013 1669 somme
1053 1619 1114 1670 de
1153 1619 1283 1668 leurs
1323 1618 1560 1669 diviseurs
1590 1657 1929 1667 .........
1940 1653 1969 1667 ι.
2000 1657 2009 1667 .
2041 1657 2050 1667 .
2131 1634 2180 1685 p.
2204 1617 2353 1668 ,76-
2374 1616 2456 1668 8-4.
2569 1635 2617 1686 p.
2646 1617 2967 1671 639—647.

287 1737 334 1787 3.
377 1737 451 1787 l)e
494 1738 707 1787 numeris
745 1737 1085 1788 amicabilibus
1126 1773 2045 1786 .......................
2127 1752 2171 1802 p.
2205 1733 2491 1786 85-100.
2565 1752 2615 1804 p.
2644 1735 2966 1789 627-636.

260 1854 329 1917 Α.
370 1853 666 1922 Fragmenta
699 1854 1127 1905 commentationis
1154 1852 1408 1920 cujusdam
1442 1852 1642 1919 majoris
1669 1852 1731 1902 de
1758 1852 2046 1902 invenienda

422 1972 662 2022 relatione
700 1971 827 2022 inter
866 1971 1020 2020 latera
1060 1970 1442 2037 triangulorum,
1493 1985 1702 2036 quorum
1743 1984 1861 2019 area
1900 1970 2050 2019 ratio-

422 2088 596 2139 naliter
634 2088 841 2155 exprimi
881 2088 1038 2155 possit
1049 2123 2047 2137 .........................
2092 2102 2142 2153 p.
2174 2085 2264 2136 101
2293 2115 2352 2123 -
2377 2085 2491 2138 104.
2568 2104 2616 2154 p.
2645 2087 2747 2139 648
2767 2116 2827 2127 -
2845 2089 2966 2141 650.

281 2204 328 2255 5.
358 2206 406 2256 6.
453 2203 778 2256 Recherches
817 2221 899 2255 sur
938 2204 1064 2255 deux
1105 2202 1391 2271 problemes
1437 2204 1498 2254 de
1540 2203 1776 2271 l'analyse
1823 2203 1885 2253 de
1925 2202 2047 2252 Dio-

384 2340 387 2344 *
422 2321 662 2390 phante*)
673 2357 2046 2372 ..................................
2095 2337 2142 2387 p.
2177 2318 2275 2371 105
2296 2350 2351 2358 —
2378 2320 2492 2371 127.
2568 2338 2616 2390 p.
2646 2322 2747 2374 603
2768 2323 2964 2377 —616.

281 2439 327 2490 7.
369 2441 798 2491 Considerationes
837 2440 967 2490 circa
1007 2440 1228 2507 analysin
1267 2437 1635 2506 Diophanteam
1666 2476 2045 2487 ..........
2093 2455 2141 2505 p.
2174 2436 2490 2489 128—139.
2567 2457 2614 2507 p.
2642 2439 2746 2491 576
2767 2471 2821 2479 —
2843 2441 2963 2494 587.

282 2554 327 2605 8.
374 2555 448 2607 De
487 2556 739 2623 quadratis
777 2557 976 2624 magicis
1013 2593 2046 2606 ..........................
2093 2572 2141 2622 p.
2175 2554 2355 2605 140—
2375 2554 2487 2607 151.
2565 2574 2614 2624 p.
2641 2557 2744 2637 591}
2764 2588 2824 2597 —
2843 2559 2962 2612 602.

281 2672 328 2722 9.
369 2671 650 2724 Theorema
687 2672 1049 2724 arithmeticum
1087 2674 1292 2741 ejusque
1330 2673 1687 2724 demonstratio
1704 2711 2047 2723 .........
2096 2690 2143 2740 p.
2176 2671 2490 2725 152-·156.
2565 2691 2614 2742 p.
2643 2674 2965 2731 588—592.

428 2907 632 2957 Praeter
670 2907 852 2974 scripta
892 2914 1117 2974 postuma
1158 2906 1224 2956 ab
1269 2905 1481 2956 Eulero
1531 2907 1640 2973 ipso
1687 2905 1947 2956 elaborata
1990 2913 2043 2956 et
2087 2870 2348 2956 maximam
2396 2915 2590 2974 partem
2630 2909 2780 2976 ipsius
2818 2928 2964 2964 manu

283 3032 485 3074 exarata
530 3031 725 3073 exstant
767 3024 1012 3074 volumina
1055 3024 1167 3086 tria,
1211 3023 1387 3090 quibus
1430 3023 1595 3074 titulus
1633 3032 1736 3074 est:
1790 3022 2093 3073 Adversaria
2130 3023 2476 3075 mathematica.
2541 3024 2631 3075 His
2668 3026 2964 3080 adversariis

284 3141 555 3191 administri
600 3149 652 3190 et
695 3140 916 3207 discipuli
963 3139 1156 3191 Euleri
1200 3139 1380 3191 inferre
1424 3140 1655 3191 solebant
1698 3139 1868 3191 theses
1912 3139 2150 3207 quasdam
2190 3147 2239 3190 et
2284 3141 2552 3191 sententias
2592 3142 2794 3207 breveS,
2839 3162 2961 3213 quas

282 3257 480 3324 quidem
521 3274 546 3307 a
589 3258 822 3325 magistro
862 3264 1096 3324 acceptas
1135 3257 1227 3324 ipsi
1264 3256 1412 3307 fusius
1451 3265 1502 3308 et
1539 3257 1814 3308 accuratius
1846 3257 2231 3324 explicaverant.
2271 3256 2343 3307 Ex
2378 3256 2453 3307 his
2485 3257 2708 3310 thesibus
2739 3262 2960 3316 selectae

282 3381 391 3422 sunt
429 3375 694 3440 gravioreS,
735 3389 861 3440 quae
899 3373 1136 3440 operibus
1174 3374 1412 3440 postumis
1450 3388 1540 3422 suo
1577 3373 1690 3423 loco
1729 3373 2080 3431 insererentur,
2121 3381 2173 3424 et
2211 3374 2419 3441 primum
2458 3375 2656 3442 quidem
2697 3380 2959 3447 nonaginta

283 3490 458 3556 dignae
492 3491 625 3540 visae
659 3497 769 3539 sunt
800 3506 927 3556 quae
958 3490 1085 3556 typis
1117 3490 1536 3540 describerentur.
1576 3488 1770 3540 Deinde
1801 3489 2098 3540 clarissimus
2125 3489 2607 3559 Tschebyscheff‚
2647 3495 2960 3560 perlustratis

284 3607 460 3655 iterum
501 3606 641 3655 dictis
678 3606 1028 3669 voluminibus,
1072 3606 1255 3656 invenit
1292 3606 1413 3656 alias
1455 3621 1541 3656 sex
1579 3604 1746 3657 theses
1783 3623 1906 3674 quas
1950 3607 2204 3658 addendas
2247 3624 2359 3658 esse
2403 3611 2620 3671 censuit;
2665 3608 2754 3660 has
2792 3618 2957 3664 tomus
2992 3623 3005 3631 “

398 3888 424 3936 *3
458 3886 568 3926 Haec
594 3887 677 3925 duo
705 3886 957 3938 problemata
986 3902 1136 3928 novum
1165 3888 1392 3941 poscebant
1419 3901 1608 3931 examen.
1641 3889 1751 3940 quod
1776 3888 1959 3940 suscepit
1985 3888 2238 3929 clarissimus
2263 3889 2679 3941 Tschebyscheff,
2711 3890 2769 3930 uti
2796 3891 2951 3932 dictum

438 3975 522 4024 ‘est
548 3969 588 4006 in
616 3967 868 4019 praefatione
894 3969 942 4008 ad
968 3969 1343 4010 commentationes
1369 3970 1659 4011 arithmeticas.
