<?xml version="1.0" encoding="UTF-8"?>
<!DOCTYPE html PUBLIC "-//W3C//DTD XHTML 1.0 Transitional//EN"
    "http://www.w3.org/TR/xhtml1/DTD/xhtml1-transitional.dtd">
<html xmlns="http://www.w3.org/1999/xhtml" xml:lang="en" lang="en">
 <head>
  <title>
</title>
<meta http-equiv="Content-Type" content="text/html;charset=utf-8" />
  <meta name='ocr-system' content='tesseract 3.04.00' />
  <meta name='ocr-capabilities' content='ocr_page ocr_carea ocr_par ocr_line ocrx_word'/>
</head>
<body>
  <div class='ocr_page' id='page_1' title='image "./operapostumamath01euleuoft/operapostumamath01euleuoft_0022.png"; bbox 0 0 3080 4562; ppageno 0'>
   <div class='ocr_carea' id='block_1_1' title="bbox 271 302 2933 364">
    <p class='ocr_par' dir='ltr' id='par_1_1' title="bbox 271 302 2933 364">
     <span class='ocr_line' id='line_1_1' title="bbox 271 302 2933 364; baseline 0.001 -5"><span class='ocrx_word' id='word_1_1' title='bbox 271 309 302 359; x_wconf 66' lang='lat'>4</span> <span class='ocrx_word' id='word_1_2' title='bbox 482 309 485 313; x_wconf 75' lang='grc'>’</span> <span class='ocrx_word' id='word_1_3' title='bbox 1066 307 1119 357; x_wconf 85' lang='lat' dir='ltr'><strong>L.</strong></span> <span class='ocrx_word' id='word_1_4' title='bbox 1163 303 1206 355; x_wconf 88' lang='lat' dir='ltr'><strong>E</strong></span> <span class='ocrx_word' id='word_1_5' title='bbox 1222 306 1261 356; x_wconf 92' lang='lat' dir='ltr'><strong>U</strong></span> <span class='ocrx_word' id='word_1_6' title='bbox 1273 305 1313 355; x_wconf 96' lang='lat' dir='ltr'>L</span> <span class='ocrx_word' id='word_1_7' title='bbox 1325 304 1365 354; x_wconf 94' lang='lat' dir='ltr'><strong>E</strong></span> <span class='ocrx_word' id='word_1_8' title='bbox 1378 304 1451 355; x_wconf 89' lang='lat' dir='ltr'><strong>Rl</strong></span> <span class='ocrx_word' id='word_1_9' title='bbox 1496 302 1718 355; x_wconf 84' lang='lat' dir='ltr'><strong>OPERA</strong></span> <span class='ocrx_word' id='word_1_10' title='bbox 1758 304 2144 357; x_wconf 87' lang='lat' dir='ltr'><strong>POSTHUMA.</strong></span> <span class='ocrx_word' id='word_1_11' title='bbox 2674 322 2933 364; x_wconf 73' lang='lat' dir='ltr'><strong>Arz&#39;tlzmetica.</strong></span> 
     </span>
    </p>
   </div>
   <div class='ocr_carea' id='block_1_2' title="bbox 269 447 2968 2669">
    <p class='ocr_par' dir='ltr' id='par_1_2' title="bbox 271 447 2955 702">
     <span class='ocr_line' id='line_1_2' title="bbox 416 447 2954 514; baseline -0.002 -14"><span class='ocrx_word' id='word_1_12' title='bbox 416 455 487 500; x_wconf 84' lang='lat'><strong>13.</strong></span> <span class='ocrx_word' id='word_1_13' title='bbox 556 454 664 501; x_wconf 90' lang='lat' dir='ltr'><strong>Cum</strong></span> <span class='ocrx_word' id='word_1_14' title='bbox 701 454 902 514; x_wconf 90' lang='lat' dir='ltr'><strong>multipla</strong></span> <span class='ocrx_word' id='word_1_15' title='bbox 946 453 1084 511; x_wconf 86' lang='lat' dir='ltr'><strong>ipsius</strong></span> <span class='ocrx_word' id='word_1_16' title='bbox 1119 465 1147 495; x_wconf 84' lang='grc' dir='ltr'><em>α</em></span> <span class='ocrx_word' id='word_1_17' title='bbox 1181 452 1271 494; x_wconf 85' lang='lat' dir='ltr'><strong>sint</strong></span> <span class='ocrx_word' id='word_1_18' title='bbox 1303 450 1389 503; x_wconf 83' lang='lat' dir='ltr'><strong>2a,</strong></span> <span class='ocrx_word' id='word_1_19' title='bbox 1426 451 1507 505; x_wconf 85' lang='lat' dir='ltr'><strong>3a,</strong></span> <span class='ocrx_word' id='word_1_20' title='bbox 1549 452 1625 505; x_wconf 69' lang='grc' dir='ltr'><strong>Ιια,</strong></span> <span class='ocrx_word' id='word_1_21' title='bbox 1667 451 1744 505; x_wconf 82' lang='grc' dir='ltr'><strong>5α,</strong></span> <span class='ocrx_word' id='word_1_22' title='bbox 1782 455 1886 506; x_wconf 70' lang='lat' dir='ltr'><strong>etc„</strong></span> <span class='ocrx_word' id='word_1_23' title='bbox 1923 452 2040 495; x_wconf 90' lang='lat' dir='ltr'><strong>inter</strong></span> <span class='ocrx_word' id='word_1_24' title='bbox 2071 464 2123 494; x_wconf 88' lang='lat' dir='ltr'><strong>ea</strong></span> <span class='ocrx_word' id='word_1_25' title='bbox 2159 451 2302 510; x_wconf 88' lang='lat' dir='ltr'><strong>primo</strong></span> <span class='ocrx_word' id='word_1_26' title='bbox 2337 465 2429 497; x_wconf 90' lang='lat' dir='ltr'><strong>non</strong></span> <span class='ocrx_word' id='word_1_27' title='bbox 2471 454 2756 512; x_wconf 89' lang='lat' dir='ltr'><strong>reperiuntur</strong></span> <span class='ocrx_word' id='word_1_28' title='bbox 2799 447 2954 499; x_wconf 84' lang='lat' dir='ltr'><strong>omnes</strong></span> 
     </span>
     <span class='ocr_line' id='line_1_3' title="bbox 271 542 2955 609; baseline -0 -17"><span class='ocrx_word' id='word_1_29' title='bbox 271 550 441 594; x_wconf 90' lang='lat' dir='ltr'><strong>numeri</strong></span> <span class='ocrx_word' id='word_1_30' title='bbox 478 550 575 609; x_wconf 90' lang='lat' dir='ltr'><strong>ipso</strong></span> <span class='ocrx_word' id='word_1_31' title='bbox 609 563 637 593; x_wconf 89' lang='lat' dir='ltr'><strong>a</strong></span> <span class='ocrx_word' id='word_1_32' title='bbox 672 549 881 600; x_wconf 90' lang='lat' dir='ltr'><strong>minores,</strong></span> <span class='ocrx_word' id='word_1_33' title='bbox 926 546 1000 605; x_wconf 93' lang='lat' dir='ltr'><strong>qui</strong></span> <span class='ocrx_word' id='word_1_34' title='bbox 1035 550 1141 589; x_wconf 89' lang='lat' dir='ltr'><strong>sunt</strong></span> <span class='ocrx_word' id='word_1_35' title='bbox 1179 546 1227 599; x_wconf 90' lang='lat'><strong>1,</strong></span> <span class='ocrx_word' id='word_1_36' title='bbox 1263 544 1313 598; x_wconf 92' lang='lat'><strong>2,</strong></span> <span class='ocrx_word' id='word_1_37' title='bbox 1353 545 1403 599; x_wconf 85' lang='lat'><strong>3,</strong></span> <span class='ocrx_word' id='word_1_38' title='bbox 1424 578 1434 588; x_wconf 92' lang='lat'><strong>.</strong></span> <span class='ocrx_word' id='word_1_39' title='bbox 1457 577 1465 586; x_wconf 96' lang='lat'><strong>.</strong></span> <span class='ocrx_word' id='word_1_40' title='bbox 1491 542 1635 603; x_wconf 85' lang='lat' dir='ltr'><strong>.(a—</strong></span> <span class='ocrx_word' id='word_1_41' title='bbox 1659 542 1728 604; x_wconf 83' lang='lat'><strong>1);</strong></span> <span class='ocrx_word' id='word_1_42' title='bbox 1771 542 2046 604; x_wconf 91' lang='lat' dir='ltr'><strong>totidemque</strong></span> <span class='ocrx_word' id='word_1_43' title='bbox 2083 543 2418 604; x_wconf 90' lang='lat' dir='ltr'><strong>non-multipla</strong></span> <span class='ocrx_word' id='word_1_44' title='bbox 2461 553 2701 591; x_wconf 89' lang='lat' dir='ltr'><strong>occurrent</strong></span> <span class='ocrx_word' id='word_1_45' title='bbox 2735 562 2759 590; x_wconf 86' lang='lat' dir='ltr'><strong>a</strong></span> <span class='ocrx_word' id='word_1_46' title='bbox 2795 547 2955 606; x_wconf 88' lang='lat' dir='ltr'><strong>quovis</strong></span> 
     </span>
     <span class='ocr_line' id='line_1_4' title="bbox 274 638 984 702; baseline -0.004 -16"><span class='ocrx_word' id='word_1_47' title='bbox 274 641 477 702; x_wconf 80' lang='lat' dir='ltr'><strong>multiplo</strong></span> <span class='ocrx_word' id='word_1_48' title='bbox 513 656 653 701; x_wconf 91' lang='lat' dir='ltr'><strong>usque</strong></span> <span class='ocrx_word' id='word_1_49' title='bbox 687 638 743 684; x_wconf 91' lang='lat' dir='ltr'><strong>ad</strong></span> <span class='ocrx_word' id='word_1_50' title='bbox 778 653 984 698; x_wconf 92' lang='lat' dir='ltr'><strong>sequens.</strong></span> 
     </span>
    </p>

    <p class='ocr_par' dir='ltr' id='par_1_3' title="bbox 274 729 2953 886">
     <span class='ocr_line' id='line_1_5' title="bbox 415 729 2953 793; baseline -0.001 -15"><span class='ocrx_word' id='word_1_51' title='bbox 415 738 488 779; x_wconf 59' lang='lat' dir='ltr'><strong>lli.</strong></span> <span class='ocrx_word' id='word_1_52' title='bbox 562 734 608 780; x_wconf 92' lang='lat' dir='ltr'><strong>Si</strong></span> <span class='ocrx_word' id='word_1_53' title='bbox 643 747 751 792; x_wconf 89' lang='lat' dir='ltr'><strong>ergo</strong></span> <span class='ocrx_word' id='word_1_54' title='bbox 794 729 930 777; x_wconf 86' lang='lat' dir='ltr'><strong>fuerit</strong></span> <span class='ocrx_word' id='word_1_55' title='bbox 964 749 994 775; x_wconf 85' lang='grc' dir='ltr'>α</span> <span class='ocrx_word' id='word_1_56' title='bbox 1027 746 1238 778; x_wconf 91' lang='lat' dir='ltr'><strong>numerus</strong></span> <span class='ocrx_word' id='word_1_57' title='bbox 1280 733 1425 778; x_wconf 91' lang='lat' dir='ltr'><strong>minor</strong></span> <span class='ocrx_word' id='word_1_58' title='bbox 1458 748 1591 793; x_wconf 88' lang='lat' dir='ltr'><strong>quam</strong></span> <span class='ocrx_word' id='word_1_59' title='bbox 1626 747 1677 788; x_wconf 87' lang='grc' dir='ltr'><strong>α,</strong></span> <span class='ocrx_word' id='word_1_60' title='bbox 1719 738 1815 777; x_wconf 90' lang='lat' dir='ltr'><strong>tum</strong></span> <span class='ocrx_word' id='word_1_61' title='bbox 1854 746 1996 793; x_wconf 92' lang='lat' dir='ltr'><strong>neque</strong></span> <span class='ocrx_word' id='word_1_62' title='bbox 2031 749 2060 775; x_wconf 89' lang='grc' dir='ltr'>α</span> <span class='ocrx_word' id='word_1_63' title='bbox 2095 746 2237 793; x_wconf 89' lang='lat' dir='ltr'><strong>neque</strong></span> <span class='ocrx_word' id='word_1_64' title='bbox 2271 731 2318 776; x_wconf 92' lang='lat' dir='ltr'><strong>hi</strong></span> <span class='ocrx_word' id='word_1_65' title='bbox 2354 734 2524 777; x_wconf 89' lang='lat' dir='ltr'><strong>numeri</strong></span> <span class='ocrx_word' id='word_1_66' title='bbox 2561 747 2719 788; x_wconf 86' lang='grc' dir='ltr'><strong>α-ι-α,</strong></span> <span class='ocrx_word' id='word_1_67' title='bbox 2757 734 2953 788; x_wconf 67' lang='grc' dir='ltr'><strong>2α-ι-α,</strong></span> 
     </span>
     <span class='ocr_line' id='line_1_6' title="bbox 274 826 1767 886; baseline -0.001 -14"><span class='ocrx_word' id='word_1_68' title='bbox 274 829 464 880; x_wconf 82' lang='grc' dir='ltr'><strong>3α-ι-α,</strong></span> <span class='ocrx_word' id='word_1_69' title='bbox 501 829 692 878; x_wconf 74' lang='grc' dir='ltr'><strong>Ιια-ι-α,</strong></span> <span class='ocrx_word' id='word_1_70' title='bbox 727 831 814 870; x_wconf 88' lang='lat' dir='ltr'><strong>etc.</strong></span> <span class='ocrx_word' id='word_1_71' title='bbox 849 826 966 871; x_wconf 86' lang='lat' dir='ltr'><strong>inter</strong></span> <span class='ocrx_word' id='word_1_72' title='bbox 998 826 1201 886; x_wconf 89' lang='lat' dir='ltr'><strong>multipla</strong></span> <span class='ocrx_word' id='word_1_73' title='bbox 1237 827 1374 886; x_wconf 89' lang='lat' dir='ltr'><strong>ipsius</strong></span> <span class='ocrx_word' id='word_1_74' title='bbox 1408 841 1436 870; x_wconf 86' lang='grc' dir='ltr'><em>α</em></span> <span class='ocrx_word' id='word_1_75' title='bbox 1471 827 1767 886; x_wconf 86' lang='lat' dir='ltr'><strong>reperiuntur.</strong></span> 
     </span>
    </p>

    <p class='ocr_par' dir='ltr' id='par_1_4' title="bbox 269 894 2956 1168">
     <span class='ocr_line' id='line_1_7' title="bbox 414 894 2956 985; baseline 0 -23"><span class='ocrx_word' id='word_1_76' title='bbox 414 922 486 963; x_wconf 91' lang='grc'><strong>15.</strong></span> <span class='ocrx_word' id='word_1_77' title='bbox 556 918 666 973; x_wconf 89' lang='lat' dir='ltr'><strong>Quia</strong></span> <span class='ocrx_word' id='word_1_78' title='bbox 702 919 760 965; x_wconf 92' lang='lat' dir='ltr'><strong>ob</strong></span> <span class='ocrx_word' id='word_1_79' title='bbox 795 936 824 963; x_wconf 88' lang='grc' dir='ltr'><em>α</em></span> <span class='ocrx_word' id='word_1_80' title='bbox 847 921 903 970; x_wconf 88' lang='grc'>&lt;</span> <span class='ocrx_word' id='word_1_81' title='bbox 925 934 974 974; x_wconf 86' lang='grc' dir='ltr'><strong>α,</strong></span> <span class='ocrx_word' id='word_1_82' title='bbox 1020 926 1088 964; x_wconf 90' lang='lat' dir='ltr'><strong>est</strong></span> <span class='ocrx_word' id='word_1_83' title='bbox 1122 921 1310 985; x_wconf 86' lang='grc' dir='ltr'>2α-α</span> <span class='ocrx_word' id='word_1_84' title='bbox 1345 920 1491 964; x_wconf 90' lang='lat' dir='ltr'><strong>minus</strong></span> <span class='ocrx_word' id='word_1_85' title='bbox 1524 933 1659 979; x_wconf 91' lang='lat' dir='ltr'><strong>quam</strong></span> <span class='ocrx_word' id='word_1_86' title='bbox 1694 919 1776 974; x_wconf 88' lang='lat' dir='ltr'><strong>2a,</strong></span> <span class='ocrx_word' id='word_1_87' title='bbox 1819 894 2039 978; x_wconf 89' lang='lat' dir='ltr'><strong>simulque</strong></span> <span class='ocrx_word' id='word_1_88' title='bbox 2075 918 2218 980; x_wconf 86' lang='lat' dir='ltr'><strong>majus</strong></span> <span class='ocrx_word' id='word_1_89' title='bbox 2260 934 2391 980; x_wconf 86' lang='lat' dir='ltr'><strong>quam</strong></span> <span class='ocrx_word' id='word_1_90' title='bbox 2430 933 2480 975; x_wconf 89' lang='grc' dir='ltr'><strong>α,</strong></span> <span class='ocrx_word' id='word_1_91' title='bbox 2517 934 2731 965; x_wconf 91' lang='lat' dir='ltr'><strong>numerus</strong></span> <span class='ocrx_word' id='word_1_92' title='bbox 2765 921 2824 965; x_wconf 88' lang='lat' dir='ltr'><strong>2a</strong></span> <span class='ocrx_word' id='word_1_93' title='bbox 2847 945 2904 955; x_wconf 93' lang='lat'><strong>—</strong></span> <span class='ocrx_word' id='word_1_94' title='bbox 2926 937 2956 963; x_wconf 81' lang='grc' dir='ltr'><em>α</em></span> 
     </span>
     <span class='ocr_line' id='line_1_8' title="bbox 271 994 2955 1074; baseline 0 -17"><span class='ocrx_word' id='word_1_95' title='bbox 271 1026 360 1057; x_wconf 90' lang='lat' dir='ltr'><strong>non</strong></span> <span class='ocrx_word' id='word_1_96' title='bbox 395 1014 481 1057; x_wconf 91' lang='lat' dir='ltr'><strong>erit</strong></span> <span class='ocrx_word' id='word_1_97' title='bbox 515 1012 767 1073; x_wconf 82' lang='lat' dir='ltr'><strong>multiplum</strong></span> <span class='ocrx_word' id='word_1_98' title='bbox 802 1014 939 1074; x_wconf 89' lang='lat' dir='ltr'><strong>ipsius</strong></span> <span class='ocrx_word' id='word_1_99' title='bbox 973 1028 1020 1069; x_wconf 85' lang='lat' dir='ltr'><strong>a,</strong></span> <span class='ocrx_word' id='word_1_100' title='bbox 1064 1028 1209 1074; x_wconf 90' lang='lat' dir='ltr'><strong>neque</strong></span> <span class='ocrx_word' id='word_1_101' title='bbox 1246 1013 1363 1058; x_wconf 90' lang='lat' dir='ltr'><strong>ullus</strong></span> <span class='ocrx_word' id='word_1_102' title='bbox 1395 1012 1556 1058; x_wconf 91' lang='lat' dir='ltr'><strong>horum</strong></span> <span class='ocrx_word' id='word_1_103' title='bbox 1601 1025 1890 1057; x_wconf 90' lang='lat' dir='ltr'><strong>numerorum</strong></span> <span class='ocrx_word' id='word_1_104' title='bbox 1923 1025 1954 1055; x_wconf 85' lang='lat' dir='ltr'><strong>a</strong></span> <span class='ocrx_word' id='word_1_105' title='bbox 1974 1036 2032 1045; x_wconf 96' lang='lat'>—</span> <span class='ocrx_word' id='word_1_106' title='bbox 2054 1028 2100 1067; x_wconf 89' lang='grc' dir='ltr'><strong>α,</strong></span> <span class='ocrx_word' id='word_1_107' title='bbox 2141 1014 2201 1057; x_wconf 85' lang='grc' dir='ltr'><strong>2α</strong></span> <span class='ocrx_word' id='word_1_108' title='bbox 2221 1037 2280 1047; x_wconf 90' lang='grc'>-</span> <span class='ocrx_word' id='word_1_109' title='bbox 2302 1029 2354 1068; x_wconf 81' lang='grc' dir='ltr'><strong>οι,</strong></span> <span class='ocrx_word' id='word_1_110' title='bbox 2375 1014 2434 1059; x_wconf 74' lang='lat' dir='ltr'><strong>aa</strong></span> <span class='ocrx_word' id='word_1_111' title='bbox 2454 1038 2514 1047; x_wconf 95' lang='lat'>—</span> <span class='ocrx_word' id='word_1_112' title='bbox 2534 1030 2585 1068; x_wconf 88' lang='grc' dir='ltr'><strong>α,</strong></span> <span class='ocrx_word' id='word_1_113' title='bbox 2624 1015 2683 1057; x_wconf 70' lang='grc' dir='ltr'><strong>[ια</strong></span> <span class='ocrx_word' id='word_1_114' title='bbox 2703 994 2833 1070; x_wconf 57' lang='grc' dir='ltr'><strong>-ἀ,</strong></span> <span class='ocrx_word' id='word_1_115' title='bbox 2866 1020 2955 1058; x_wconf 88' lang='lat' dir='ltr'><strong>etc.</strong></span> 
     </span>
     <span class='ocr_line' id='line_1_9' title="bbox 269 1106 1161 1168; baseline 0.003 -19"><span class='ocrx_word' id='word_1_116' title='bbox 269 1106 387 1150; x_wconf 90' lang='lat' dir='ltr'><strong>inter</strong></span> <span class='ocrx_word' id='word_1_117' title='bbox 421 1106 622 1168; x_wconf 86' lang='lat' dir='ltr'><strong>multipla</strong></span> <span class='ocrx_word' id='word_1_118' title='bbox 656 1108 794 1168; x_wconf 91' lang='lat' dir='ltr'><strong>ipsius</strong></span> <span class='ocrx_word' id='word_1_119' title='bbox 827 1121 855 1152; x_wconf 83' lang='lat' dir='ltr'><strong>a</strong></span> <span class='ocrx_word' id='word_1_120' title='bbox 890 1108 1161 1152; x_wconf 78' lang='lat' dir='ltr'><strong>continetur.</strong></span> 
     </span>
    </p>

    <p class='ocr_par' dir='ltr' id='par_1_5' title="bbox 272 1199 2959 1355">
     <span class='ocr_line' id='line_1_10' title="bbox 413 1199 2959 1261; baseline 0 -18"><span class='ocrx_word' id='word_1_121' title='bbox 413 1200 487 1244; x_wconf 85' lang='grc'><strong>16.</strong></span> <span class='ocrx_word' id='word_1_122' title='bbox 556 1199 790 1261; x_wconf 90' lang='lat' dir='ltr'><strong>Proposito</strong></span> <span class='ocrx_word' id='word_1_123' title='bbox 825 1215 935 1261; x_wconf 89' lang='lat' dir='ltr'><strong>ergo</strong></span> <span class='ocrx_word' id='word_1_124' title='bbox 975 1214 1242 1260; x_wconf 91' lang='lat' dir='ltr'><strong>quocunque</strong></span> <span class='ocrx_word' id='word_1_125' title='bbox 1278 1215 1467 1246; x_wconf 89' lang='lat' dir='ltr'><strong>numero</strong></span> <span class='ocrx_word' id='word_1_126' title='bbox 1501 1200 1552 1256; x_wconf 83' lang='lat' dir='ltr'><strong>b,</strong></span> <span class='ocrx_word' id='word_1_127' title='bbox 1605 1201 1679 1260; x_wconf 91' lang='lat' dir='ltr'><strong>qui</strong></span> <span class='ocrx_word' id='word_1_128' title='bbox 1717 1214 1806 1245; x_wconf 90' lang='lat' dir='ltr'><strong>non</strong></span> <span class='ocrx_word' id='word_1_129' title='bbox 1839 1201 1899 1245; x_wconf 90' lang='lat' dir='ltr'><strong>sit</strong></span> <span class='ocrx_word' id='word_1_130' title='bbox 1932 1199 2185 1260; x_wconf 80' lang='lat' dir='ltr'><strong>multiplum</strong></span> <span class='ocrx_word' id='word_1_131' title='bbox 2219 1201 2358 1260; x_wconf 90' lang='lat' dir='ltr'><strong>ipsius</strong></span> <span class='ocrx_word' id='word_1_132' title='bbox 2400 1214 2449 1255; x_wconf 83' lang='lat' dir='ltr'><strong>a,</strong></span> <span class='ocrx_word' id='word_1_133' title='bbox 2503 1201 2538 1245; x_wconf 93' lang='lat' dir='ltr'><strong>is</strong></span> <span class='ocrx_word' id='word_1_134' title='bbox 2574 1199 2645 1245; x_wconf 92' lang='lat' dir='ltr'><strong>vel</strong></span> <span class='ocrx_word' id='word_1_135' title='bbox 2682 1200 2788 1261; x_wconf 75' lang='lat' dir='ltr'><strong>ipso·</strong></span> <span class='ocrx_word' id='word_1_136' title='bbox 2810 1215 2838 1245; x_wconf 86' lang='lat' dir='ltr'><strong>a</strong></span> <span class='ocrx_word' id='word_1_137' title='bbox 2873 1201 2959 1246; x_wconf 87' lang='lat' dir='ltr'><strong>erit</strong></span> 
     </span>
     <span class='ocr_line' id='line_1_11' title="bbox 272 1293 2604 1355; baseline 0 -18"><span class='ocrx_word' id='word_1_138' title='bbox 272 1294 439 1349; x_wconf 90' lang='lat' dir='ltr'><strong>minor,</strong></span> <span class='ocrx_word' id='word_1_139' title='bbox 479 1294 546 1339; x_wconf 86' lang='lat' dir='ltr'><strong>vel</strong></span> <span class='ocrx_word' id='word_1_140' title='bbox 583 1295 642 1339; x_wconf 86' lang='lat' dir='ltr'><strong>ita</strong></span> <span class='ocrx_word' id='word_1_141' title='bbox 680 1294 905 1355; x_wconf 82' lang='lat' dir='ltr'><strong>superabit</strong></span> <span class='ocrx_word' id='word_1_142' title='bbox 937 1293 1120 1355; x_wconf 82' lang='lat' dir='ltr'><strong>aliquod</strong></span> <span class='ocrx_word' id='word_1_143' title='bbox 1154 1293 1250 1355; x_wconf 90' lang='lat' dir='ltr'><strong>ejus</strong></span> <span class='ocrx_word' id='word_1_144' title='bbox 1284 1293 1560 1354; x_wconf 88' lang='lat' dir='ltr'><strong>multiplum,</strong></span> <span class='ocrx_word' id='word_1_145' title='bbox 1595 1300 1646 1339; x_wconf 92' lang='lat' dir='ltr'><strong>ut</strong></span> <span class='ocrx_word' id='word_1_146' title='bbox 1679 1300 1830 1339; x_wconf 90' lang='lat' dir='ltr'><strong>tamen</strong></span> <span class='ocrx_word' id='word_1_147' title='bbox 1864 1294 2010 1339; x_wconf 91' lang='lat' dir='ltr'><strong>minor</strong></span> <span class='ocrx_word' id='word_1_148' title='bbox 2044 1295 2102 1338; x_wconf 89' lang='lat' dir='ltr'><strong>sit</strong></span> <span class='ocrx_word' id='word_1_149' title='bbox 2136 1293 2340 1354; x_wconf 87' lang='lat' dir='ltr'><strong>multiplo</strong></span> <span class='ocrx_word' id='word_1_150' title='bbox 2375 1300 2604 1354; x_wconf 89' lang='lat' dir='ltr'><strong>sequente.</strong></span> 
     </span>
    </p>

    <p class='ocr_par' dir='ltr' id='par_1_6' title="bbox 275 1384 2960 1640">
     <span class='ocr_line' id='line_1_12' title="bbox 419 1384 2959 1450; baseline 0.001 -19"><span class='ocrx_word' id='word_1_151' title='bbox 419 1390 491 1433; x_wconf 90' lang='grc'><strong>17.</strong></span> <span class='ocrx_word' id='word_1_152' title='bbox 564 1386 674 1434; x_wconf 90' lang='lat' dir='ltr'><strong>Cum</strong></span> <span class='ocrx_word' id='word_1_153' title='bbox 706 1389 906 1450; x_wconf 89' lang='lat' dir='ltr'><strong>multipla</strong></span> <span class='ocrx_word' id='word_1_154' title='bbox 940 1389 1100 1434; x_wconf 88' lang='lat' dir='ltr'><strong>binarii</strong></span> <span class='ocrx_word' id='word_1_155' title='bbox 1133 1390 1223 1433; x_wconf 90' lang='lat' dir='ltr'><strong>sint</strong></span> <span class='ocrx_word' id='word_1_156' title='bbox 1258 1390 1311 1443; x_wconf 90' lang='lat'><strong>2,</strong></span> <span class='ocrx_word' id='word_1_157' title='bbox 1350 1391 1401 1443; x_wconf 70' lang='grc' dir='ltr'><strong>ῐι,</strong></span> <span class='ocrx_word' id='word_1_158' title='bbox 1438 1390 1489 1444; x_wconf 84' lang='grc'><strong>6,</strong></span> <span class='ocrx_word' id='word_1_159' title='bbox 1527 1389 1579 1442; x_wconf 89' lang='grc'><strong>8,</strong></span> <span class='ocrx_word' id='word_1_160' title='bbox 1621 1388 1704 1438; x_wconf 86' lang='lat'><strong>10,</strong></span> <span class='ocrx_word' id='word_1_161' title='bbox 1740 1395 1826 1433; x_wconf 87' lang='lat' dir='ltr'><strong>etc.</strong></span> <span class='ocrx_word' id='word_1_162' title='bbox 1871 1384 1983 1449; x_wconf 88' lang='lat' dir='ltr'><strong>(ejus</strong></span> <span class='ocrx_word' id='word_1_163' title='bbox 2017 1387 2177 1448; x_wconf 89' lang='lat' dir='ltr'><strong>simplo</strong></span> <span class='ocrx_word' id='word_1_164' title='bbox 2211 1402 2301 1433; x_wconf 91' lang='lat' dir='ltr'><strong>non</strong></span> <span class='ocrx_word' id='word_1_165' title='bbox 2335 1386 2552 1446; x_wconf 81' lang='lat' dir='ltr'><strong>excluso),</strong></span> <span class='ocrx_word' id='word_1_166' title='bbox 2597 1389 2772 1432; x_wconf 62' lang='lat' dir='ltr'><strong>numeri&gt;</strong></span> <span class='ocrx_word' id='word_1_167' title='bbox 2801 1387 2959 1448; x_wconf 80' lang='lat' dir='ltr'><strong>reliqui</strong></span> 
     </span>
     <span class='ocr_line' id='line_1_13' title="bbox 277 1479 2960 1543; baseline 0.001 -18"><span class='ocrx_word' id='word_1_168' title='bbox 277 1480 332 1525; x_wconf 90' lang='lat' dir='ltr'><strong>ab</strong></span> <span class='ocrx_word' id='word_1_169' title='bbox 374 1480 443 1526; x_wconf 92' lang='lat' dir='ltr'><strong>his</strong></span> <span class='ocrx_word' id='word_1_170' title='bbox 482 1483 654 1527; x_wconf 87' lang='lat' dir='ltr'><strong>unitate</strong></span> <span class='ocrx_word' id='word_1_171' title='bbox 698 1479 925 1530; x_wconf 83' lang='lat' dir='ltr'><strong>differunt.</strong></span> <span class='ocrx_word' id='word_1_172' title='bbox 997 1482 1137 1527; x_wconf 92' lang='lat' dir='ltr'><strong>Simili</strong></span> <span class='ocrx_word' id='word_1_173' title='bbox 1180 1481 1315 1528; x_wconf 92' lang='lat' dir='ltr'><strong>modo</strong></span> <span class='ocrx_word' id='word_1_174' title='bbox 1361 1481 1419 1528; x_wconf 93' lang='lat' dir='ltr'><strong>ob</strong></span> <span class='ocrx_word' id='word_1_175' title='bbox 1462 1482 1641 1526; x_wconf 86' lang='lat' dir='ltr'><strong>ternarii</strong></span> <span class='ocrx_word' id='word_1_176' title='bbox 1684 1480 1910 1543; x_wconf 89' lang='lat' dir='ltr'><strong>multipla:</strong></span> <span class='ocrx_word' id='word_1_177' title='bbox 1949 1482 1999 1537; x_wconf 89' lang='lat'><strong>3,</strong></span> <span class='ocrx_word' id='word_1_178' title='bbox 2036 1482 2087 1531; x_wconf 76' lang='lat'><strong>6,</strong></span> <span class='ocrx_word' id='word_1_179' title='bbox 2125 1482 2176 1537; x_wconf 81' lang='lat'><strong>9,</strong></span> <span class='ocrx_word' id='word_1_180' title='bbox 2217 1484 2297 1537; x_wconf 91' lang='grc'><strong>12,</strong></span> <span class='ocrx_word' id='word_1_181' title='bbox 2339 1483 2421 1536; x_wconf 88' lang='grc'><strong>15,</strong></span> <span class='ocrx_word' id='word_1_182' title='bbox 2456 1488 2544 1526; x_wconf 89' lang='lat' dir='ltr'><strong>etc.</strong></span> <span class='ocrx_word' id='word_1_183' title='bbox 2589 1481 2746 1542; x_wconf 84' lang='lat' dir='ltr'><strong>reliqui</strong></span> <span class='ocrx_word' id='word_1_184' title='bbox 2789 1483 2960 1527; x_wconf 87' lang='lat' dir='ltr'><strong>numeri</strong></span> 
     </span>
     <span class='ocr_line' id='line_1_14' title="bbox 275 1573 1985 1640; baseline 0.003 -22"><span class='ocrx_word' id='word_1_185' title='bbox 275 1573 331 1618; x_wconf 89' lang='lat' dir='ltr'><strong>ab</strong></span> <span class='ocrx_word' id='word_1_186' title='bbox 367 1573 438 1618; x_wconf 89' lang='lat' dir='ltr'><strong>his</strong></span> <span class='ocrx_word' id='word_1_187' title='bbox 475 1574 545 1619; x_wconf 90' lang='lat' dir='ltr'><strong>vel</strong></span> <span class='ocrx_word' id='word_1_188' title='bbox 582 1576 775 1631; x_wconf 89' lang='lat' dir='ltr'><strong>unitate,</strong></span> <span class='ocrx_word' id='word_1_189' title='bbox 812 1576 880 1620; x_wconf 89' lang='lat' dir='ltr'><strong>vel</strong></span> <span class='ocrx_word' id='word_1_190' title='bbox 916 1575 1088 1621; x_wconf 89' lang='lat' dir='ltr'><strong>binario</strong></span> <span class='ocrx_word' id='word_1_191' title='bbox 1123 1575 1302 1640; x_wconf 73' lang='lat' dir='ltr'><strong>distant.</strong></span> <span class='ocrx_word' id='word_1_192' title='bbox 1982 1633 1985 1637; x_wconf 75' lang='lat'><strong>,</strong></span> 
     </span>
    </p>

    <p class='ocr_par' dir='ltr' id='par_1_7' title="bbox 274 1668 2964 1824">
     <span class='ocr_line' id='line_1_15' title="bbox 419 1668 2964 1731; baseline -0 -18"><span class='ocrx_word' id='word_1_193' title='bbox 419 1669 492 1713; x_wconf 89' lang='grc'><strong>18.</strong></span> <span class='ocrx_word' id='word_1_194' title='bbox 563 1668 759 1729; x_wconf 90' lang='lat' dir='ltr'><strong>Duplum</strong></span> <span class='ocrx_word' id='word_1_195' title='bbox 801 1669 1019 1731; x_wconf 90' lang='lat' dir='ltr'><strong>cujusque</strong></span> <span class='ocrx_word' id='word_1_196' title='bbox 1062 1671 1235 1714; x_wconf 86' lang='lat' dir='ltr'><strong>numeri</strong></span> <span class='ocrx_word' id='word_1_197' title='bbox 1270 1684 1320 1725; x_wconf 87' lang='lat' dir='ltr'><strong>a,</strong></span> <span class='ocrx_word' id='word_1_198' title='bbox 1373 1670 1546 1715; x_wconf 89' lang='lat' dir='ltr'><strong>scilicet</strong></span> <span class='ocrx_word' id='word_1_199' title='bbox 1587 1671 1668 1726; x_wconf 89' lang='grc' dir='ltr'><strong>2α,</strong></span> <span class='ocrx_word' id='word_1_200' title='bbox 1720 1676 1789 1714; x_wconf 90' lang='lat' dir='ltr'><strong>est</strong></span> <span class='ocrx_word' id='word_1_201' title='bbox 1822 1670 1955 1714; x_wconf 84' lang='lat' dir='ltr'><strong>etiam</strong></span> <span class='ocrx_word' id='word_1_202' title='bbox 1999 1668 2251 1729; x_wconf 85' lang='lat' dir='ltr'><strong>multiplum</strong></span> <span class='ocrx_word' id='word_1_203' title='bbox 2300 1668 2471 1714; x_wconf 88' lang='lat' dir='ltr'><strong>binarii.</strong></span> <span class='ocrx_word' id='word_1_204' title='bbox 2541 1668 2651 1715; x_wconf 91' lang='lat' dir='ltr'><strong>Cum</strong></span> <span class='ocrx_word' id='word_1_205' title='bbox 2694 1669 2811 1714; x_wconf 90' lang='lat' dir='ltr'><strong>enim</strong></span> <span class='ocrx_word' id='word_1_206' title='bbox 2846 1683 2874 1713; x_wconf 91' lang='grc' dir='ltr'><em>α</em></span> <span class='ocrx_word' id='word_1_207' title='bbox 2907 1669 2964 1712; x_wconf 90' lang='lat' dir='ltr'><strong>sit</strong></span> 
     </span>
     <span class='ocr_line' id='line_1_16' title="bbox 274 1760 2120 1824; baseline 0.001 -19"><span class='ocrx_word' id='word_1_208' title='bbox 274 1760 518 1807; x_wconf 90' lang='lat' dir='ltr'><strong>multitudo</strong></span> <span class='ocrx_word' id='word_1_209' title='bbox 553 1764 775 1807; x_wconf 87' lang='lat' dir='ltr'><strong>unitatum</strong></span> <span class='ocrx_word' id='word_1_210' title='bbox 815 1766 834 1806; x_wconf 90' lang='lat'>1</span> <span class='ocrx_word' id='word_1_211' title='bbox 859 1777 922 1807; x_wconf 66' lang='lat'><strong>—4—</strong></span> <span class='ocrx_word' id='word_1_212' title='bbox 946 1768 962 1807; x_wconf 87' lang='grc'><strong>1</strong></span> <span class='ocrx_word' id='word_1_213' title='bbox 986 1779 1051 1807; x_wconf 76' lang='grc' dir='ltr'><strong>-ι-</strong></span> <span class='ocrx_word' id='word_1_214' title='bbox 1076 1766 1094 1808; x_wconf 91' lang='grc'><strong>1</strong></span> <span class='ocrx_word' id='word_1_215' title='bbox 1119 1778 1184 1808; x_wconf 70' lang='grc' dir='ltr'><strong>-ι-</strong></span> <span class='ocrx_word' id='word_1_216' title='bbox 1209 1767 1224 1808; x_wconf 82' lang='lat' dir='ltr'><strong>l</strong></span> <span class='ocrx_word' id='word_1_217' title='bbox 1267 1770 1354 1809; x_wconf 88' lang='lat' dir='ltr'><strong>etc.</strong></span> <span class='ocrx_word' id='word_1_218' title='bbox 1388 1762 1633 1824; x_wconf 81' lang='lat' dir='ltr'><strong>duplicatio</strong></span> <span class='ocrx_word' id='word_1_219' title='bbox 1667 1764 1727 1808; x_wconf 91' lang='lat' dir='ltr'><strong>ita</strong></span> <span class='ocrx_word' id='word_1_220' title='bbox 1761 1768 2120 1823; x_wconf 82' lang='lat' dir='ltr'><strong>repraesentetur</strong></span> 
     </span>
    </p>

    <p class='ocr_par' dir='ltr' id='par_1_8' title="bbox 276 1858 1994 2104">
     <span class='ocr_line' id='line_1_17' title="bbox 1253 1858 1993 1902; baseline 0 -1"><span class='ocrx_word' id='word_1_221' title='bbox 1253 1858 1993 1902; x_wconf 65' lang='lat' dir='ltr'><strong>azl—u-l-i—l—i-l—i-etc.</strong></span> 
     </span>
     <span class='ocr_line' id='line_1_18' title="bbox 1254 1952 1993 1995; baseline -0.003 0"><span class='ocrx_word' id='word_1_222' title='bbox 1254 1952 1993 1995; x_wconf 72' lang='lat' dir='ltr'><strong>a=1÷1÷1÷1÷etc.</strong></span> 
     </span>
     <span class='ocr_line' id='line_1_19' title="bbox 276 2042 1994 2104; baseline -0.001 -16"><span class='ocrx_word' id='word_1_223' title='bbox 276 2042 394 2088; x_wconf 92' lang='lat' dir='ltr'><strong>unde</strong></span> <span class='ocrx_word' id='word_1_224' title='bbox 428 2042 653 2089; x_wconf 88' lang='lat' dir='ltr'><strong>additione</strong></span> <span class='ocrx_word' id='word_1_225' title='bbox 689 2043 841 2104; x_wconf 88' lang='lat' dir='ltr'><strong>prodit</strong></span> <span class='ocrx_word' id='word_1_226' title='bbox 1225 2045 1284 2089; x_wconf 85' lang='lat' dir='ltr'><strong>2a</strong></span> <span class='ocrx_word' id='word_1_227' title='bbox 1303 2064 1365 2083; x_wconf 77' lang='lat' dir='ltr'><strong><em>z</em></strong></span> <span class='ocrx_word' id='word_1_228' title='bbox 1384 2045 1413 2088; x_wconf 94' lang='lat'><strong>2</strong></span> <span class='ocrx_word' id='word_1_229' title='bbox 1434 2059 1497 2088; x_wconf 69' lang='grc' dir='ltr'><strong>-ι-</strong></span> <span class='ocrx_word' id='word_1_230' title='bbox 1516 2045 1545 2088; x_wconf 95' lang='grc'>2</span> <span class='ocrx_word' id='word_1_231' title='bbox 1562 2059 1628 2089; x_wconf 68' lang='grc' dir='ltr'><strong>-ι-</strong></span> <span class='ocrx_word' id='word_1_232' title='bbox 1644 2045 1674 2088; x_wconf 93' lang='grc'>2</span> <span class='ocrx_word' id='word_1_233' title='bbox 1693 2058 1757 2088; x_wconf 66' lang='grc' dir='ltr'><strong>-ι-</strong></span> <span class='ocrx_word' id='word_1_234' title='bbox 1774 2045 1804 2087; x_wconf 90' lang='grc'><strong>2</strong></span> <span class='ocrx_word' id='word_1_235' title='bbox 1823 2058 1888 2088; x_wconf 83' lang='grc' dir='ltr'><strong>-ι-</strong></span> <span class='ocrx_word' id='word_1_236' title='bbox 1905 2049 1994 2087; x_wconf 90' lang='lat' dir='ltr'><strong>etc.</strong></span> 
     </span>
    </p>

    <p class='ocr_par' dir='ltr' id='par_1_9' title="bbox 275 2133 2967 2384">
     <span class='ocr_line' id='line_1_20' title="bbox 422 2133 2966 2198; baseline 0.001 -16"><span class='ocrx_word' id='word_1_237' title='bbox 422 2138 494 2183; x_wconf 82' lang='lat'><strong>19.</strong></span> <span class='ocrx_word' id='word_1_238' title='bbox 565 2136 650 2182; x_wconf 89' lang='lat' dir='ltr'><strong>Vel</strong></span> <span class='ocrx_word' id='word_1_239' title='bbox 694 2152 797 2183; x_wconf 88' lang='lat' dir='ltr'><strong>cum</strong></span> <span class='ocrx_word' id='word_1_240' title='bbox 841 2152 1054 2183; x_wconf 91' lang='lat' dir='ltr'><strong>numerus</strong></span> <span class='ocrx_word' id='word_1_241' title='bbox 1089 2152 1117 2183; x_wconf 86' lang='lat' dir='ltr'><strong>a</strong></span> <span class='ocrx_word' id='word_1_242' title='bbox 1150 2138 1210 2182; x_wconf 91' lang='lat' dir='ltr'><strong>sit</strong></span> <span class='ocrx_word' id='word_1_243' title='bbox 1250 2136 1496 2183; x_wconf 81' lang='lat' dir='ltr'><strong>multitudo</strong></span> <span class='ocrx_word' id='word_1_244' title='bbox 1538 2138 1781 2192; x_wconf 87' lang='lat' dir='ltr'><strong>unitatum,</strong></span> <span class='ocrx_word' id='word_1_245' title='bbox 1833 2149 2047 2181; x_wconf 91' lang='lat' dir='ltr'><strong>numerus</strong></span> <span class='ocrx_word' id='word_1_246' title='bbox 2080 2149 2108 2180; x_wconf 86' lang='grc' dir='ltr'><em>α</em></span> <span class='ocrx_word' id='word_1_247' title='bbox 2151 2133 2452 2197; x_wconf 85' lang='lat' dir='ltr'><strong>duplicabitur</strong></span> <span class='ocrx_word' id='word_1_248' title='bbox 2491 2137 2683 2198; x_wconf 87' lang='lat' dir='ltr'><strong>singulis</strong></span> <span class='ocrx_word' id='word_1_249' title='bbox 2721 2138 2966 2185; x_wconf 84' lang='lat' dir='ltr'><strong>unitatibus</strong></span> 
     </span>
     <span class='ocr_line' id='line_1_21' title="bbox 275 2215 2967 2299; baseline 0.001 -24"><span class='ocrx_word' id='word_1_250' title='bbox 275 2230 345 2275; x_wconf 92' lang='lat' dir='ltr'><strong>bis</strong></span> <span class='ocrx_word' id='word_1_251' title='bbox 380 2230 629 2287; x_wconf 82' lang='lat' dir='ltr'><strong>sumendiS,</strong></span> <span class='ocrx_word' id='word_1_252' title='bbox 684 2230 802 2276; x_wconf 90' lang='lat' dir='ltr'><strong>unde</strong></span> <span class='ocrx_word' id='word_1_253' title='bbox 847 2233 991 2276; x_wconf 90' lang='lat' dir='ltr'><strong>oritur</strong></span> <span class='ocrx_word' id='word_1_254' title='bbox 1030 2229 1278 2277; x_wconf 90' lang='lat' dir='ltr'><strong>multitudo</strong></span> <span class='ocrx_word' id='word_1_255' title='bbox 1328 2230 1616 2299; x_wconf 85' lang='lat' dir='ltr'><strong>binariorum.</strong></span> <span class='ocrx_word' id='word_1_256' title='bbox 1686 2230 1750 2276; x_wconf 89' lang='lat' dir='ltr'><strong>Ex</strong></span> <span class='ocrx_word' id='word_1_257' title='bbox 1790 2244 1879 2291; x_wconf 90' lang='lat' dir='ltr'><strong>quo</strong></span> <span class='ocrx_word' id='word_1_258' title='bbox 1922 2235 2044 2290; x_wconf 87' lang='lat' dir='ltr'><strong>patet</strong></span> <span class='ocrx_word' id='word_1_259' title='bbox 2078 2228 2264 2291; x_wconf 90' lang='lat' dir='ltr'><strong>duplum</strong></span> <span class='ocrx_word' id='word_1_260' title='bbox 2299 2232 2359 2275; x_wconf 88' lang='lat' dir='ltr'><strong>2a</strong></span> <span class='ocrx_word' id='word_1_261' title='bbox 2391 2232 2528 2277; x_wconf 90' lang='lat' dir='ltr'><strong>toties</strong></span> <span class='ocrx_word' id='word_1_262' title='bbox 2569 2215 2800 2278; x_wconf 82' lang='lat' dir='ltr'><strong>continere</strong></span> <span class='ocrx_word' id='word_1_263' title='bbox 2835 2231 2967 2278; x_wconf 50' lang='lat' dir='ltr'><strong>bina*-</strong></span> 
     </span>
     <span class='ocr_line' id='line_1_22' title="bbox 278 2325 1193 2384; baseline 0.002 -16"><span class='ocrx_word' id='word_1_264' title='bbox 278 2325 415 2380; x_wconf 90' lang='lat' dir='ltr'><strong>rium,</strong></span> <span class='ocrx_word' id='word_1_265' title='bbox 453 2326 628 2384; x_wconf 90' lang='lat' dir='ltr'><strong>quoties</strong></span> <span class='ocrx_word' id='word_1_266' title='bbox 661 2340 689 2369; x_wconf 84' lang='lat' dir='ltr'><strong>a</strong></span> <span class='ocrx_word' id='word_1_267' title='bbox 725 2327 927 2371; x_wconf 85' lang='lat' dir='ltr'><strong>continet</strong></span> <span class='ocrx_word' id='word_1_268' title='bbox 961 2327 1193 2371; x_wconf 89' lang='lat' dir='ltr'><strong>unitatem.</strong></span> 
     </span>
    </p>

    <p class='ocr_par' dir='ltr' id='par_1_10' title="bbox 279 2393 2968 2574">
     <span class='ocr_line' id='line_1_23' title="bbox 418 2393 2968 2479; baseline 0.001 -17"><span class='ocrx_word' id='word_1_269' title='bbox 418 2419 496 2463; x_wconf 86' lang='lat'><strong>20.</strong></span> <span class='ocrx_word' id='word_1_270' title='bbox 567 2418 711 2464; x_wconf 86' lang='lat' dir='ltr'><strong>Simili</strong></span> <span class='ocrx_word' id='word_1_271' title='bbox 747 2418 884 2464; x_wconf 91' lang='lat' dir='ltr'><strong>modo</strong></span> <span class='ocrx_word' id='word_1_272' title='bbox 918 2418 1104 2479; x_wconf 90' lang='lat' dir='ltr'><strong>triplum</strong></span> <span class='ocrx_word' id='word_1_273' title='bbox 1141 2421 1201 2464; x_wconf 78' lang='lat' dir='ltr'><strong>3a</strong></span> <span class='ocrx_word' id='word_1_274' title='bbox 1231 2393 1366 2465; x_wconf 83' lang='lat' dir='ltr'><strong>toties</strong></span> <span class='ocrx_word' id='word_1_275' title='bbox 1399 2418 1648 2465; x_wconf 84' lang='lat' dir='ltr'><strong>continebit</strong></span> <span class='ocrx_word' id='word_1_276' title='bbox 1679 2419 1947 2474; x_wconf 86' lang='lat' dir='ltr'><strong>ternarium,</strong></span> <span class='ocrx_word' id='word_1_277' title='bbox 1991 2418 2165 2479; x_wconf 90' lang='lat' dir='ltr'><strong>quoties</strong></span> <span class='ocrx_word' id='word_1_278' title='bbox 2198 2420 2292 2478; x_wconf 86' lang='lat' dir='ltr'><strong>ipse</strong></span> <span class='ocrx_word' id='word_1_279' title='bbox 2327 2432 2536 2464; x_wconf 88' lang='lat' dir='ltr'><strong>numerus</strong></span> <span class='ocrx_word' id='word_1_280' title='bbox 2569 2434 2598 2464; x_wconf 86' lang='lat' dir='ltr'><strong>a</strong></span> <span class='ocrx_word' id='word_1_281' title='bbox 2630 2422 2833 2467; x_wconf 90' lang='lat' dir='ltr'><strong>continet</strong></span> <span class='ocrx_word' id='word_1_282' title='bbox 2867 2425 2968 2468; x_wconf 67' lang='lat' dir='ltr'><strong>uni4-</strong></span> 
     </span>
     <span class='ocr_line' id='line_1_24' title="bbox 279 2510 2851 2574; baseline 0.003 -20"><span class='ocrx_word' id='word_1_283' title='bbox 279 2517 441 2565; x_wconf 85' lang='lat' dir='ltr'><strong>tatem,</strong></span> <span class='ocrx_word' id='word_1_284' title='bbox 477 2512 649 2572; x_wconf 90' lang='lat' dir='ltr'><strong>eritque</strong></span> <span class='ocrx_word' id='word_1_285' title='bbox 685 2513 833 2573; x_wconf 87' lang='lat' dir='ltr'><strong>itaque</strong></span> <span class='ocrx_word' id='word_1_286' title='bbox 871 2514 928 2557; x_wconf 86' lang='lat' dir='ltr'><strong>3a</strong></span> <span class='ocrx_word' id='word_1_287' title='bbox 961 2511 1216 2573; x_wconf 89' lang='lat' dir='ltr'><strong>multiplum</strong></span> <span class='ocrx_word' id='word_1_288' title='bbox 1248 2513 1455 2569; x_wconf 84' lang='lat' dir='ltr'><strong>ternarii,</strong></span> <span class='ocrx_word' id='word_1_289' title='bbox 1488 2511 1612 2573; x_wconf 92' lang='lat' dir='ltr'><strong>quod</strong></span> <span class='ocrx_word' id='word_1_290' title='bbox 1646 2514 1777 2557; x_wconf 88' lang='lat' dir='ltr'><strong>etiam</strong></span> <span class='ocrx_word' id='word_1_291' title='bbox 1814 2511 1869 2557; x_wconf 89' lang='lat' dir='ltr'><strong>de</strong></span> <span class='ocrx_word' id='word_1_292' title='bbox 1905 2510 2113 2558; x_wconf 90' lang='lat' dir='ltr'><strong>omnibus</strong></span> <span class='ocrx_word' id='word_1_293' title='bbox 2143 2510 2359 2572; x_wconf 89' lang='lat' dir='ltr'><strong>multiplis</strong></span> <span class='ocrx_word' id='word_1_294' title='bbox 2393 2518 2460 2557; x_wconf 90' lang='lat' dir='ltr'><strong>est</strong></span> <span class='ocrx_word' id='word_1_295' title='bbox 2494 2513 2851 2574; x_wconf 80' lang='lat' dir='ltr'><strong>intelligendum.</strong></span> 
     </span>
    </p>

    <p class='ocr_par' dir='ltr' id='par_1_11' title="bbox 422 2605 2968 2669">
     <span class='ocr_line' id='line_1_25' title="bbox 422 2605 2968 2669; baseline 0.002 -21"><span class='ocrx_word' id='word_1_296' title='bbox 422 2606 499 2649; x_wconf 91' lang='grc'><strong>21.</strong></span> <span class='ocrx_word' id='word_1_297' title='bbox 570 2605 722 2649; x_wconf 77' lang='lat' dir='ltr'><strong>Indeae</strong></span> <span class='ocrx_word' id='word_1_298' title='bbox 755 2606 947 2666; x_wconf 89' lang='lat' dir='ltr'><strong>multipli</strong></span> <span class='ocrx_word' id='word_1_299' title='bbox 982 2612 1172 2652; x_wconf 86' lang='lat' dir='ltr'><strong>vocatur</strong></span> <span class='ocrx_word' id='word_1_300' title='bbox 1198 2621 1411 2651; x_wconf 88' lang='lat' dir='ltr'><strong>numerus</strong></span> <span class='ocrx_word' id='word_1_301' title='bbox 1444 2605 1649 2651; x_wconf 90' lang='lat' dir='ltr'><strong>indicans</strong></span> <span class='ocrx_word' id='word_1_302' title='bbox 1684 2641 1694 2661; x_wconf 94' lang='lat'>‚</span> <span class='ocrx_word' id='word_1_303' title='bbox 1731 2606 1907 2666; x_wconf 85' lang='lat' dir='ltr'><strong>quoties</strong></span> <span class='ocrx_word' id='word_1_304' title='bbox 1939 2605 2194 2665; x_wconf 88' lang='lat' dir='ltr'><strong>multiplum</strong></span> <span class='ocrx_word' id='word_1_305' title='bbox 2229 2606 2274 2650; x_wconf 92' lang='lat' dir='ltr'><strong>in</strong></span> <span class='ocrx_word' id='word_1_306' title='bbox 2309 2620 2355 2650; x_wconf 92' lang='lat' dir='ltr'><strong>se</strong></span> <span class='ocrx_word' id='word_1_307' title='bbox 2391 2608 2620 2652; x_wconf 86' lang='lat' dir='ltr'><strong>contineat</strong></span> <span class='ocrx_word' id='word_1_308' title='bbox 2645 2608 2872 2669; x_wconf 84' lang='lat' dir='ltr'><strong>simplum,</strong></span> <span class='ocrx_word' id='word_1_309' title='bbox 2906 2611 2968 2666; x_wconf 79' lang='lat' dir='ltr'><strong>ita</strong></span> 
     </span>
    </p>
   </div>
   <div class='ocr_carea' id='block_1_3' title="bbox 282 2696 2143 2760">
    <p class='ocr_par' dir='ltr' id='par_1_12' title="bbox 282 2696 2143 2760">
     <span class='ocr_line' id='line_1_26' title="bbox 282 2696 2143 2760; baseline 0.001 -18"><span class='ocrx_word' id='word_1_310' title='bbox 282 2696 412 2742; x_wconf 86' lang='lat' dir='ltr'><strong>index</strong></span> <span class='ocrx_word' id='word_1_311' title='bbox 446 2698 571 2759; x_wconf 78' lang='lat' dir='ltr'><strong>dupli</strong></span> <span class='ocrx_word' id='word_1_312' title='bbox 607 2706 674 2743; x_wconf 91' lang='lat' dir='ltr'><strong>est</strong></span> <span class='ocrx_word' id='word_1_313' title='bbox 707 2699 930 2754; x_wconf 87' lang='lat' dir='ltr'><strong>binarius,</strong></span> <span class='ocrx_word' id='word_1_314' title='bbox 967 2699 1090 2759; x_wconf 88' lang='lat' dir='ltr'><strong>tripli</strong></span> <span class='ocrx_word' id='word_1_315' title='bbox 1125 2700 1372 2755; x_wconf 89' lang='lat' dir='ltr'><strong>ternarius,</strong></span> <span class='ocrx_word' id='word_1_316' title='bbox 1409 2698 1647 2760; x_wconf 83' lang='lat' dir='ltr'><strong>quadrupli</strong></span> <span class='ocrx_word' id='word_1_317' title='bbox 1685 2701 2020 2760; x_wconf 85' lang='lat' dir='ltr'><strong>quaternarius,</strong></span> <span class='ocrx_word' id='word_1_318' title='bbox 2056 2705 2143 2743; x_wconf 91' lang='lat' dir='ltr'><strong>etc.</strong></span> 
     </span>
    </p>
   </div>
   <div class='ocr_carea' id='block_1_4' title="bbox 425 2791 3005 2854">
    <p class='ocr_par' dir='ltr' id='par_1_13' title="bbox 425 2791 3005 2854">
     <span class='ocr_line' id='line_1_27' title="bbox 425 2791 3005 2854; baseline 0.003 -19"><span class='ocrx_word' id='word_1_319' title='bbox 425 2793 502 2836; x_wconf 89' lang='grc'><strong>22.</strong></span> <span class='ocrx_word' id='word_1_320' title='bbox 575 2791 621 2837; x_wconf 93' lang='lat' dir='ltr'><strong>Si</strong></span> <span class='ocrx_word' id='word_1_321' title='bbox 656 2807 868 2838; x_wconf 91' lang='lat' dir='ltr'><strong>numerus</strong></span> <span class='ocrx_word' id='word_1_322' title='bbox 902 2808 928 2837; x_wconf 88' lang='grc' dir='ltr'><em>α</em></span> <span class='ocrx_word' id='word_1_323' title='bbox 965 2794 1100 2837; x_wconf 80' lang='lat' dir='ltr'><strong>toties</strong></span> <span class='ocrx_word' id='word_1_324' title='bbox 1133 2799 1356 2848; x_wconf 87' lang='lat' dir='ltr'><strong>sumat-ur,</strong></span> <span class='ocrx_word' id='word_1_325' title='bbox 1401 2800 1512 2854; x_wconf 89' lang='lat' dir='ltr'><strong>quot</strong></span> <span class='ocrx_word' id='word_1_326' title='bbox 1545 2807 1760 2838; x_wconf 87' lang='lat' dir='ltr'><strong>numerus</strong></span> <span class='ocrx_word' id='word_1_327' title='bbox 1793 2808 1824 2838; x_wconf 88' lang='lat' dir='ltr'><strong>n</strong></span> <span class='ocrx_word' id='word_1_328' title='bbox 1856 2794 2057 2838; x_wconf 89' lang='lat' dir='ltr'><strong>continet</strong></span> <span class='ocrx_word' id='word_1_329' title='bbox 2096 2794 2311 2849; x_wconf 87' lang='lat' dir='ltr'><strong>unitates,</strong></span> <span class='ocrx_word' id='word_1_330' title='bbox 2354 2792 2545 2854; x_wconf 88' lang='lat' dir='ltr'><strong>multipli</strong></span> <span class='ocrx_word' id='word_1_331' title='bbox 2580 2794 2682 2840; x_wconf 87' lang='lat' dir='ltr'><strong>inde</strong></span> <span class='ocrx_word' id='word_1_332' title='bbox 2717 2798 2803 2842; x_wconf 89' lang='lat' dir='ltr'><strong>orti</strong></span> <span class='ocrx_word' id='word_1_333' title='bbox 2839 2797 2968 2844; x_wconf 88' lang='lat' dir='ltr'><strong>index</strong></span> <span class='ocrx_word' id='word_1_334' title='bbox 3004 2807 3005 2810; x_wconf 77' lang='grc'>’</span> 
     </span>
    </p>
   </div>
   <div class='ocr_carea' id='block_1_5' title="bbox 285 2884 2986 2955">
    <p class='ocr_par' dir='ltr' id='par_1_14' title="bbox 285 2872 3044 2955">
     <span class='ocr_line' id='line_1_28' title="bbox 285 2884 2986 2955; baseline 0.003 -26"><span class='ocrx_word' id='word_1_335' title='bbox 285 2892 355 2929; x_wconf 89' lang='lat' dir='ltr'><strong>est</strong></span> <span class='ocrx_word' id='word_1_336' title='bbox 388 2900 439 2940; x_wconf 90' lang='lat' dir='ltr'><strong>n,</strong></span> <span class='ocrx_word' id='word_1_337' title='bbox 475 2886 619 2945; x_wconf 90' lang='lat' dir='ltr'><strong>ipsum</strong></span> <span class='ocrx_word' id='word_1_338' title='bbox 654 2893 801 2931; x_wconf 91' lang='lat' dir='ltr'><strong>autem</strong></span> <span class='ocrx_word' id='word_1_339' title='bbox 838 2886 1095 2947; x_wconf 91' lang='lat' dir='ltr'><strong>multiplum</strong></span> <span class='ocrx_word' id='word_1_340' title='bbox 1137 2885 1227 2932; x_wconf 94' lang='lat' dir='ltr'><strong>hoc</strong></span> <span class='ocrx_word' id='word_1_341' title='bbox 1268 2887 1329 2932; x_wconf 88' lang='lat' dir='ltr'><strong>ita</strong></span> <span class='ocrx_word' id='word_1_342' title='bbox 1363 2887 1623 2947; x_wconf 88' lang='lat' dir='ltr'><strong>exprimitur</strong></span> <span class='ocrx_word' id='word_1_343' title='bbox 1658 2901 1736 2942; x_wconf 85' lang='lat' dir='ltr'><strong>na,</strong></span> <span class='ocrx_word' id='word_1_344' title='bbox 1780 2887 1843 2931; x_wconf 88' lang='lat' dir='ltr'><strong>ita</strong></span> <span class='ocrx_word' id='word_1_345' title='bbox 1878 2893 1930 2932; x_wconf 90' lang='lat' dir='ltr'><strong>ut</strong></span> <span class='ocrx_word' id='word_1_346' title='bbox 1971 2900 2030 2931; x_wconf 86' lang='lat' dir='ltr'><strong>na</strong></span> <span class='ocrx_word' id='word_1_347' title='bbox 2067 2884 2252 2932; x_wconf 89' lang='lat' dir='ltr'><strong>denotet</strong></span> <span class='ocrx_word' id='word_1_348' title='bbox 2295 2887 2547 2948; x_wconf 88' lang='lat' dir='ltr'><strong>multiplum</strong></span> <span class='ocrx_word' id='word_1_349' title='bbox 2584 2890 2722 2949; x_wconf 90' lang='lat' dir='ltr'><strong>ipsius</strong></span> <span class='ocrx_word' id='word_1_350' title='bbox 2754 2905 2805 2946; x_wconf 87' lang='lat' dir='ltr'><strong>a,</strong></span> <span class='ocrx_word' id='word_1_351' title='bbox 2837 2892 2986 2955; x_wconf 72' lang='lat' dir='ltr'><strong>cujus</strong></span> 
     </span>
    </p>
   </div>
   <div class='ocr_carea' id='block_1_6' title="bbox 283 2977 2970 3330">
    <p class='ocr_par' dir='ltr' id='par_1_15' title="bbox 283 2977 2970 3330">
     <span class='ocr_line' id='line_1_29' title="bbox 283 2977 1345 3047; baseline 0.008 -24"><span class='ocrx_word' id='word_1_352' title='bbox 283 2977 413 3023; x_wconf 89' lang='lat' dir='ltr'><strong>index</strong></span> <span class='ocrx_word' id='word_1_353' title='bbox 447 2980 504 3023; x_wconf 90' lang='lat' dir='ltr'><strong>sit</strong></span> <span class='ocrx_word' id='word_1_354' title='bbox 537 2994 581 3025; x_wconf 86' lang='grc' dir='ltr'><strong>η.</strong></span> <span class='ocrx_word' id='word_1_355' title='bbox 1340 3040 1345 3047; x_wconf 41' lang='lat'><strong><em>¹</em></strong></span> 
     </span>
     <span class='ocr_line' id='line_1_30' title="bbox 427 3072 2970 3140; baseline 0.003 -23"><span class='ocrx_word' id='word_1_356' title='bbox 427 3074 503 3117; x_wconf 87' lang='lat'><strong>23.</strong></span> <span class='ocrx_word' id='word_1_357' title='bbox 572 3072 681 3118; x_wconf 87' lang='lat' dir='ltr'><strong>Tale</strong></span> <span class='ocrx_word' id='word_1_358' title='bbox 717 3088 824 3134; x_wconf 88' lang='lat' dir='ltr'><strong>ergo</strong></span> <span class='ocrx_word' id='word_1_359' title='bbox 858 3074 1112 3135; x_wconf 90' lang='lat' dir='ltr'><strong>multiplum</strong></span> <span class='ocrx_word' id='word_1_360' title='bbox 1149 3088 1208 3120; x_wconf 82' lang='lat' dir='ltr'><strong>na</strong></span> <span class='ocrx_word' id='word_1_361' title='bbox 1248 3076 1386 3136; x_wconf 91' lang='lat' dir='ltr'><strong>ipsius</strong></span> <span class='ocrx_word' id='word_1_362' title='bbox 1419 3089 1449 3120; x_wconf 87' lang='lat' dir='ltr'><strong>a</strong></span> <span class='ocrx_word' id='word_1_363' title='bbox 1483 3083 1553 3121; x_wconf 87' lang='lat' dir='ltr'><strong>est</strong></span> <span class='ocrx_word' id='word_1_364' title='bbox 1587 3076 1734 3140; x_wconf 64' lang='lat' dir='ltr'><strong>etiam&gt;</strong></span> <span class='ocrx_word' id='word_1_365' title='bbox 1762 3073 2019 3135; x_wconf 88' lang='lat' dir='ltr'><strong>multiplum</strong></span> <span class='ocrx_word' id='word_1_366' title='bbox 2054 3072 2215 3119; x_wconf 88' lang='lat' dir='ltr'><strong>indicis</strong></span> <span class='ocrx_word' id='word_1_367' title='bbox 2249 3088 2301 3129; x_wconf 89' lang='lat' dir='ltr'><strong>n,</strong></span> <span class='ocrx_word' id='word_1_368' title='bbox 2354 3074 2712 3137; x_wconf 90' lang='lat' dir='ltr'><strong>quandoquidem</strong></span> <span class='ocrx_word' id='word_1_369' title='bbox 2755 3080 2889 3130; x_wconf 86' lang='lat' dir='ltr'><strong>toties</strong></span> <span class='ocrx_word' id='word_1_370' title='bbox 2923 3081 2970 3126; x_wconf 88' lang='lat' dir='ltr'><strong>in</strong></span> 
     </span>
     <span class='ocr_line' id='line_1_31' title="bbox 289 3165 1974 3234; baseline 0.001 -24"><span class='ocrx_word' id='word_1_371' title='bbox 289 3179 336 3210; x_wconf 90' lang='lat' dir='ltr'><strong>se</strong></span> <span class='ocrx_word' id='word_1_372' title='bbox 371 3167 576 3212; x_wconf 89' lang='lat' dir='ltr'><strong>continet</strong></span> <span class='ocrx_word' id='word_1_373' title='bbox 610 3165 823 3234; x_wconf 83' lang='lat' dir='ltr'><strong>indicem,</strong></span> <span class='ocrx_word' id='word_1_374' title='bbox 861 3169 1037 3228; x_wconf 91' lang='lat' dir='ltr'><strong>quoties</strong></span> <span class='ocrx_word' id='word_1_375' title='bbox 1073 3169 1166 3228; x_wconf 89' lang='lat' dir='ltr'><strong>ipse</strong></span> <span class='ocrx_word' id='word_1_376' title='bbox 1202 3183 1415 3214; x_wconf 90' lang='lat' dir='ltr'><strong>numerus</strong></span> <span class='ocrx_word' id='word_1_377' title='bbox 1448 3183 1476 3213; x_wconf 84' lang='lat' dir='ltr'><strong>a</strong></span> <span class='ocrx_word' id='word_1_378' title='bbox 1509 3169 1712 3214; x_wconf 77' lang='lat' dir='ltr'><strong>continet</strong></span> <span class='ocrx_word' id='word_1_379' title='bbox 1745 3170 1974 3214; x_wconf 84' lang='lat' dir='ltr'><strong>unitatem.</strong></span> 
     </span>
     <span class='ocr_line' id='line_1_32' title="bbox 430 3257 2970 3330; baseline 0.004 -27"><span class='ocrx_word' id='word_1_380' title='bbox 430 3260 507 3304; x_wconf 67' lang='grc' dir='ltr'><strong>2ῐι.</strong></span> <span class='ocrx_word' id='word_1_381' title='bbox 576 3257 690 3305; x_wconf 90' lang='lat' dir='ltr'><strong>Hinc</strong></span> <span class='ocrx_word' id='word_1_382' title='bbox 733 3275 842 3321; x_wconf 87' lang='lat' dir='ltr'><strong>ergo</strong></span> <span class='ocrx_word' id='word_1_383' title='bbox 886 3267 1006 3321; x_wconf 88' lang='lat' dir='ltr'><strong>patet</strong></span> <span class='ocrx_word' id='word_1_384' title='bbox 1045 3261 1301 3322; x_wconf 88' lang='lat' dir='ltr'><strong>multiplum</strong></span> <span class='ocrx_word' id='word_1_385' title='bbox 1351 3263 1524 3306; x_wconf 90' lang='lat' dir='ltr'><strong>numeri</strong></span> <span class='ocrx_word' id='word_1_386' title='bbox 1566 3276 1615 3318; x_wconf 85' lang='grc' dir='ltr'><strong>α,</strong></span> <span class='ocrx_word' id='word_1_387' title='bbox 1668 3261 1800 3323; x_wconf 90' lang='lat' dir='ltr'><strong>cujus</strong></span> <span class='ocrx_word' id='word_1_388' title='bbox 1850 3261 1979 3306; x_wconf 85' lang='lat' dir='ltr'><strong>index</strong></span> <span class='ocrx_word' id='word_1_389' title='bbox 2023 3262 2081 3306; x_wconf 92' lang='lat' dir='ltr'><strong>sit</strong></span> <span class='ocrx_word' id='word_1_390' title='bbox 2122 3277 2178 3317; x_wconf 88' lang='grc' dir='ltr'><strong>η,</strong></span> <span class='ocrx_word' id='word_1_391' title='bbox 2229 3276 2480 3323; x_wconf 88' lang='lat' dir='ltr'><strong>congruere</strong></span> <span class='ocrx_word' id='word_1_392' title='bbox 2521 3278 2624 3310; x_wconf 90' lang='lat' dir='ltr'><strong>cum</strong></span> <span class='ocrx_word' id='word_1_393' title='bbox 2665 3280 2721 3312; x_wconf 88' lang='lat' dir='ltr'><strong>eo</strong></span> <span class='ocrx_word' id='word_1_394' title='bbox 2761 3266 2970 3330; x_wconf 83' lang='lat' dir='ltr'><strong>multiplo</strong></span> 
     </span>
    </p>
   </div>
   <div class='ocr_carea' id='block_1_7' title="bbox 287 3352 2972 3419">
    <p class='ocr_par' dir='ltr' id='par_1_16' title="bbox 287 3352 2972 3419">
     <span class='ocr_line' id='line_1_33' title="bbox 287 3352 2972 3419; baseline 0.004 -21"><span class='ocrx_word' id='word_1_395' title='bbox 287 3355 461 3398; x_wconf 88' lang='lat' dir='ltr'><strong>numeri</strong></span> <span class='ocrx_word' id='word_1_396' title='bbox 499 3368 551 3409; x_wconf 88' lang='lat' dir='ltr'><strong>n,</strong></span> <span class='ocrx_word' id='word_1_397' title='bbox 586 3354 715 3416; x_wconf 91' lang='lat' dir='ltr'><strong>cujus</strong></span> <span class='ocrx_word' id='word_1_398' title='bbox 748 3352 878 3400; x_wconf 88' lang='lat' dir='ltr'><strong>index</strong></span> <span class='ocrx_word' id='word_1_399' title='bbox 913 3356 970 3399; x_wconf 90' lang='lat' dir='ltr'><strong>sit</strong></span> <span class='ocrx_word' id='word_1_400' title='bbox 1004 3370 1052 3408; x_wconf 85' lang='grc' dir='ltr'><strong>α;</strong></span> <span class='ocrx_word' id='word_1_401' title='bbox 1099 3369 1235 3416; x_wconf 86' lang='lat' dir='ltr'><strong>quare</strong></span> <span class='ocrx_word' id='word_1_402' title='bbox 1269 3370 1372 3401; x_wconf 92' lang='lat' dir='ltr'><strong>cum</strong></span> <span class='ocrx_word' id='word_1_403' title='bbox 1406 3354 1519 3401; x_wconf 91' lang='lat' dir='ltr'><strong>illud</strong></span> <span class='ocrx_word' id='word_1_404' title='bbox 1553 3355 1808 3416; x_wconf 89' lang='lat' dir='ltr'><strong>multiplum</strong></span> <span class='ocrx_word' id='word_1_405' title='bbox 1843 3369 1921 3415; x_wconf 80' lang='lat' dir='ltr'><strong>per</strong></span> <span class='ocrx_word' id='word_1_406' title='bbox 1952 3370 2032 3410; x_wconf 83' lang='lat' dir='ltr'><strong>na,</strong></span> <span class='ocrx_word' id='word_1_407' title='bbox 2082 3353 2170 3401; x_wconf 91' lang='lat' dir='ltr'><strong>hoc</strong></span> <span class='ocrx_word' id='word_1_408' title='bbox 2205 3370 2312 3402; x_wconf 90' lang='lat' dir='ltr'><strong>vero</strong></span> <span class='ocrx_word' id='word_1_409' title='bbox 2345 3370 2429 3416; x_wconf 89' lang='lat' dir='ltr'><strong>per</strong></span> <span class='ocrx_word' id='word_1_410' title='bbox 2462 3371 2525 3402; x_wconf 87' lang='lat' dir='ltr'><strong>an</strong></span> <span class='ocrx_word' id='word_1_411' title='bbox 2558 3359 2851 3419; x_wconf 87' lang='lat' dir='ltr'><strong>exprimatur,</strong></span> <span class='ocrx_word' id='word_1_412' title='bbox 2885 3354 2972 3408; x_wconf 84' lang='lat' dir='ltr'><strong>erit</strong></span> 
     </span>
    </p>
   </div>
   <div class='ocr_carea' id='block_1_8' title="bbox 290 3462 522 3493">
    <p class='ocr_par' dir='ltr' id='par_1_17' title="bbox 290 3462 522 3493">
     <span class='ocr_line' id='line_1_34' title="bbox 290 3462 522 3493; baseline 0.009 -2"><span class='ocrx_word' id='word_1_413' title='bbox 290 3462 351 3492; x_wconf 79' lang='lat' dir='ltr'><strong>na</strong></span> <span class='ocrx_word' id='word_1_414' title='bbox 367 3467 429 3486; x_wconf 88' lang='lat'><strong><em>=</em></strong></span> <span class='ocrx_word' id='word_1_415' title='bbox 448 3462 522 3493; x_wconf 76' lang='lat' dir='ltr'><strong>an.</strong></span> 
     </span>
    </p>
   </div>
   <div class='ocr_carea' id='block_1_9' title="bbox 430 3540 3035 3611">
    <p class='ocr_par' dir='ltr' id='par_1_18' title="bbox 430 3540 3035 3611">
     <span class='ocr_line' id='line_1_35' title="bbox 430 3540 3035 3611; baseline 0.003 -25"><span class='ocrx_word' id='word_1_416' title='bbox 430 3542 507 3586; x_wconf 88' lang='lat'><strong>25.</strong></span> <span class='ocrx_word' id='word_1_417' title='bbox 576 3540 684 3587; x_wconf 91' lang='lat' dir='ltr'><strong>Cum</strong></span> <span class='ocrx_word' id='word_1_418' title='bbox 719 3543 764 3586; x_wconf 91' lang='lat' dir='ltr'><strong>in</strong></span> <span class='ocrx_word' id='word_1_419' title='bbox 799 3543 960 3603; x_wconf 89' lang='lat' dir='ltr'><strong>quovis</strong></span> <span class='ocrx_word' id='word_1_420' title='bbox 985 3542 1191 3603; x_wconf 89' lang='lat' dir='ltr'><strong>multiplo</strong></span> <span class='ocrx_word' id='word_1_421' title='bbox 1226 3557 1286 3587; x_wconf 83' lang='lat' dir='ltr'><strong>na</strong></span> <span class='ocrx_word' id='word_1_422' title='bbox 1311 3549 1404 3587; x_wconf 91' lang='lat' dir='ltr'><strong>tam</strong></span> <span class='ocrx_word' id='word_1_423' title='bbox 1437 3557 1652 3588; x_wconf 89' lang='lat' dir='ltr'><strong>numerus</strong></span> <span class='ocrx_word' id='word_1_424' title='bbox 1686 3556 1735 3598; x_wconf 87' lang='lat' dir='ltr'><strong>a,</strong></span> <span class='ocrx_word' id='word_1_425' title='bbox 1771 3542 1902 3605; x_wconf 90' lang='lat' dir='ltr'><strong>cujus</strong></span> <span class='ocrx_word' id='word_1_426' title='bbox 1935 3542 2188 3603; x_wconf 90' lang='lat' dir='ltr'><strong>multiplum</strong></span> <span class='ocrx_word' id='word_1_427' title='bbox 2216 3545 2425 3599; x_wconf 88' lang='lat' dir='ltr'><strong>sumitur,</strong></span> <span class='ocrx_word' id='word_1_428' title='bbox 2462 3559 2596 3605; x_wconf 89' lang='lat' dir='ltr'><strong>quam</strong></span> <span class='ocrx_word' id='word_1_429' title='bbox 2621 3544 2754 3592; x_wconf 88' lang='lat' dir='ltr'><strong>index</strong></span> <span class='ocrx_word' id='word_1_430' title='bbox 2782 3547 2970 3610; x_wconf 79' lang='lat' dir='ltr'><strong>multipli</strong></span> <span class='ocrx_word' id='word_1_431' title='bbox 3027 3591 3035 3611; x_wconf 64' lang='lat'><strong>‚-</strong></span> 
     </span>
    </p>
   </div>
   <div class='ocr_carea' id='block_1_10' title="bbox 292 3632 2972 4073">
    <p class='ocr_par' dir='ltr' id='par_1_19' title="bbox 293 3632 2971 3790">
     <span class='ocr_line' id='line_1_36' title="bbox 293 3632 2971 3704; baseline 0.004 -28"><span class='ocrx_word' id='word_1_432' title='bbox 293 3648 322 3677; x_wconf 90' lang='lat' dir='ltr'><strong>n</strong></span> <span class='ocrx_word' id='word_1_433' title='bbox 356 3634 473 3677; x_wconf 90' lang='lat' dir='ltr'><strong>inter</strong></span> <span class='ocrx_word' id='word_1_434' title='bbox 507 3648 552 3678; x_wconf 92' lang='lat' dir='ltr'><strong>se</strong></span> <span class='ocrx_word' id='word_1_435' title='bbox 596 3636 838 3693; x_wconf 88' lang='lat' dir='ltr'><strong>permutari</strong></span> <span class='ocrx_word' id='word_1_436' title='bbox 881 3642 1066 3695; x_wconf 86' lang='lat' dir='ltr'><strong>queant,</strong></span> <span class='ocrx_word' id='word_1_437' title='bbox 1121 3635 1166 3680; x_wconf 89' lang='lat' dir='ltr'><strong>hi</strong></span> <span class='ocrx_word' id='word_1_438' title='bbox 1211 3634 1302 3682; x_wconf 92' lang='lat' dir='ltr'><strong>duo</strong></span> <span class='ocrx_word' id='word_1_439' title='bbox 1335 3637 1507 3681; x_wconf 87' lang='lat' dir='ltr'><strong>numeri</strong></span> <span class='ocrx_word' id='word_1_440' title='bbox 1552 3650 1578 3681; x_wconf 90' lang='grc' dir='ltr'><em>α</em></span> <span class='ocrx_word' id='word_1_441' title='bbox 1614 3642 1660 3680; x_wconf 93' lang='lat' dir='ltr'><strong>et</strong></span> <span class='ocrx_word' id='word_1_442' title='bbox 1694 3650 1724 3680; x_wconf 90' lang='lat' dir='ltr'><strong>n</strong></span> <span class='ocrx_word' id='word_1_443' title='bbox 1758 3637 1852 3681; x_wconf 86' lang='lat' dir='ltr'><strong>sine</strong></span> <span class='ocrx_word' id='word_1_444' title='bbox 1889 3634 2143 3682; x_wconf 91' lang='lat' dir='ltr'><strong>discrimine</strong></span> <span class='ocrx_word' id='word_1_445' title='bbox 2184 3632 2380 3693; x_wconf 72' lang='lat' dir='ltr'><strong>factores</strong></span> <span class='ocrx_word' id='word_1_446' title='bbox 2419 3637 2720 3700; x_wconf 84' lang='lat' dir='ltr'><strong>appellantur,</strong></span> <span class='ocrx_word' id='word_1_447' title='bbox 2768 3641 2971 3704; x_wconf 88' lang='lat' dir='ltr'><strong>multiplo</strong></span> 
     </span>
     <span class='ocr_line' id='line_1_37' title="bbox 296 3715 1634 3790; baseline 0.004 -21"><span class='ocrx_word' id='word_1_448' title='bbox 296 3732 444 3770; x_wconf 86' lang='lat' dir='ltr'><strong>autem</strong></span> <span class='ocrx_word' id='word_1_449' title='bbox 482 3727 560 3786; x_wconf 88' lang='lat' dir='ltr'><strong>ipsi</strong></span> <span class='ocrx_word' id='word_1_450' title='bbox 595 3741 652 3770; x_wconf 84' lang='lat' dir='ltr'><strong>na</strong></span> <span class='ocrx_word' id='word_1_451' title='bbox 687 3743 849 3773; x_wconf 87' lang='lat' dir='ltr'><strong>nomen</strong></span> <span class='ocrx_word' id='word_1_452' title='bbox 879 3728 1094 3790; x_wconf 76' lang='lat' dir='ltr'><strong>producti</strong></span> <span class='ocrx_word' id='word_1_453' title='bbox 1123 3744 1202 3775; x_wconf 85' lang='lat' dir='ltr'><strong>seu</strong></span> <span class='ocrx_word' id='word_1_454' title='bbox 1234 3725 1349 3786; x_wconf 62' lang='lat' dir='ltr'><strong>facti</strong></span> <span class='ocrx_word' id='word_1_455' title='bbox 1378 3728 1471 3775; x_wconf 89' lang='lat' dir='ltr'><strong>indi</strong></span> <span class='ocrx_word' id='word_1_456' title='bbox 1505 3715 1634 3776; x_wconf 88' lang='lat' dir='ltr'><strong>solet.</strong></span> 
     </span>
    </p>

    <p class='ocr_par' dir='ltr' id='par_1_20' title="bbox 292 3819 2972 4073">
     <span class='ocr_line' id='line_1_38' title="bbox 434 3819 2972 3887; baseline 0.005 -24"><span class='ocrx_word' id='word_1_457' title='bbox 434 3821 510 3864; x_wconf 88' lang='grc'><strong>26.</strong></span> <span class='ocrx_word' id='word_1_458' title='bbox 582 3819 964 3873; x_wconf 87' lang='lat' dir='ltr'><strong>Quemadmodum</strong></span> <span class='ocrx_word' id='word_1_459' title='bbox 998 3825 1184 3884; x_wconf 91' lang='lat' dir='ltr'><strong>quisque</strong></span> <span class='ocrx_word' id='word_1_460' title='bbox 1209 3837 1422 3869; x_wconf 89' lang='lat' dir='ltr'><strong>numerus</strong></span> <span class='ocrx_word' id='word_1_461' title='bbox 1455 3830 1523 3868; x_wconf 91' lang='lat' dir='ltr'><strong>est</strong></span> <span class='ocrx_word' id='word_1_462' title='bbox 1556 3823 1811 3885; x_wconf 89' lang='lat' dir='ltr'><strong>multiplum</strong></span> <span class='ocrx_word' id='word_1_463' title='bbox 1845 3825 2049 3881; x_wconf 88' lang='lat' dir='ltr'><strong>unitatis,</strong></span> <span class='ocrx_word' id='word_1_464' title='bbox 2086 3825 2216 3887; x_wconf 89' lang='lat' dir='ltr'><strong>cnjus</strong></span> <span class='ocrx_word' id='word_1_465' title='bbox 2247 3826 2339 3886; x_wconf 91' lang='lat' dir='ltr'><strong>ipse</strong></span> <span class='ocrx_word' id='word_1_466' title='bbox 2363 3832 2430 3871; x_wconf 89' lang='lat' dir='ltr'><strong>est</strong></span> <span class='ocrx_word' id='word_1_467' title='bbox 2453 3824 2605 3881; x_wconf 88' lang='lat' dir='ltr'><strong>index,</strong></span> <span class='ocrx_word' id='word_1_468' title='bbox 2643 3827 2713 3873; x_wconf 86' lang='lat' dir='ltr'><strong>ita.</strong></span> <span class='ocrx_word' id='word_1_469' title='bbox 2738 3829 2870 3874; x_wconf 88' lang='lat' dir='ltr'><strong>etiam</strong></span> <span class='ocrx_word' id='word_1_470' title='bbox 2903 3836 2972 3876; x_wconf 84' lang='lat' dir='ltr'><strong>est</strong></span> 
     </span>
     <span class='ocr_line' id='line_1_39' title="bbox 293 3912 2969 3986; baseline 0.003 -28"><span class='ocrx_word' id='word_1_471' title='bbox 293 3914 360 3959; x_wconf 87' lang='lat' dir='ltr'><strong>sui</strong></span> <span class='ocrx_word' id='word_1_472' title='bbox 403 3914 541 3973; x_wconf 90' lang='lat' dir='ltr'><strong>ipsius</strong></span> <span class='ocrx_word' id='word_1_473' title='bbox 582 3912 811 3973; x_wconf 87' lang='lat' dir='ltr'><strong>simplum,</strong></span> <span class='ocrx_word' id='word_1_474' title='bbox 866 3914 1009 3961; x_wconf 87' lang='lat' dir='ltr'><strong>indice</strong></span> <span class='ocrx_word' id='word_1_475' title='bbox 1052 3919 1263 3962; x_wconf 84' lang='lat' dir='ltr'><strong>existente</strong></span> <span class='ocrx_word' id='word_1_476' title='bbox 1299 3919 1484 3963; x_wconf 88' lang='lat' dir='ltr'><strong>unitate.</strong></span> <span class='ocrx_word' id='word_1_477' title='bbox 1559 3916 1609 3963; x_wconf 93' lang='lat' dir='ltr'><strong>ln</strong></span> <span class='ocrx_word' id='word_1_478' title='bbox 1644 3924 1873 3978; x_wconf 87' lang='lat' dir='ltr'><strong>posterum</strong></span> <span class='ocrx_word' id='word_1_479' title='bbox 1913 3932 2026 3978; x_wconf 87' lang='lat' dir='ltr'><strong>ergo</strong></span> <span class='ocrx_word' id='word_1_480' title='bbox 2059 3924 2151 3964; x_wconf 87' lang='lat' dir='ltr'><strong>tam</strong></span> <span class='ocrx_word' id='word_1_481' title='bbox 2187 3919 2389 3980; x_wconf 86' lang='lat' dir='ltr'><strong>multipla</strong></span> <span class='ocrx_word' id='word_1_482' title='bbox 2423 3920 2610 3965; x_wconf 87' lang='lat' dir='ltr'><strong>unitatis</strong></span> <span class='ocrx_word' id='word_1_483' title='bbox 2644 3935 2780 3982; x_wconf 88' lang='lat' dir='ltr'><strong>quam</strong></span> <span class='ocrx_word' id='word_1_484' title='bbox 2810 3923 2969 3986; x_wconf 68' lang='lat' dir='ltr'><strong>simpla</strong></span> 
     </span>
     <span class='ocr_line' id='line_1_40' title="bbox 292 4005 1899 4073; baseline 0.004 -22"><span class='ocrx_word' id='word_1_485' title='bbox 292 4005 513 4067; x_wconf 90' lang='lat' dir='ltr'><strong>cujusque</strong></span> <span class='ocrx_word' id='word_1_486' title='bbox 548 4007 717 4050; x_wconf 85' lang='lat' dir='ltr'><strong>numeri</strong></span> <span class='ocrx_word' id='word_1_487' title='bbox 752 4021 780 4050; x_wconf 84' lang='lat' dir='ltr'><strong>a</strong></span> <span class='ocrx_word' id='word_1_488' title='bbox 813 4006 1170 4055; x_wconf 86' lang='lat' dir='ltr'><strong>denominatione</strong></span> <span class='ocrx_word' id='word_1_489' title='bbox 1206 4011 1511 4072; x_wconf 87' lang='lat' dir='ltr'><strong>multiplorum</strong></span> <span class='ocrx_word' id='word_1_490' title='bbox 1544 4011 1899 4073; x_wconf 78' lang='lat' dir='ltr'><strong>segregabimus.</strong></span> 
     </span>
    </p>
   </div>
   <div class='ocr_carea' id='block_1_11' title="bbox 3073 90 3080 819">
    <p class='ocr_par' dir='ltr' id='par_1_21' title="bbox 3073 90 3080 819">
     <span class='ocr_line' id='line_1_41' title="bbox 3073 90 3080 819; textangle 90"><span class='ocrx_word' id='word_1_491' title='bbox 3074 666 3080 819; x_wconf 49' lang='lat' dir='ltr'>.—d——--—.</span> <span class='ocrx_word' id='word_1_492' title='bbox 3076 583 3080 650; x_wconf 73' lang='grc'><strong>-.-..</strong></span> <span class='ocrx_word' id='word_1_493' title='bbox 3076 515 3080 560; x_wconf 79' lang='grc'><strong>-..,</strong></span> <span class='ocrx_word' id='word_1_494' title='bbox 3078 475 3080 478; x_wconf 86' lang='grc'><strong>.</strong></span> <span class='ocrx_word' id='word_1_495' title='bbox 3077 424 3080 445; x_wconf 83' lang='grc'><strong>..</strong></span> <span class='ocrx_word' id='word_1_496' title='bbox 3078 398 3080 401; x_wconf 86' lang='grc'><strong>.</strong></span> <span class='ocrx_word' id='word_1_497' title='bbox 3077 307 3080 348; x_wconf 86' lang='grc'><strong>.-..</strong></span> <span class='ocrx_word' id='word_1_498' title='bbox 3078 263 3080 266; x_wconf 62' lang='grc'><strong>.</strong></span> <span class='ocrx_word' id='word_1_499' title='bbox 3078 174 3080 180; x_wconf 92' lang='grc'><strong>.</strong></span> <span class='ocrx_word' id='word_1_500' title='bbox 3073 90 3080 152; x_wconf 45' lang='grc' dir='ltr'><strong>ὡ...-</strong></span> 
     </span>
    </p>
   </div>
  </div>
 </body>
</html>
