3080 4562
829 302 1074 354 Troo-tatus
1112 303 1167 354 de
1204 319 1508 355 numerorum
1545 304 1763 355 doctrina
1803 302 1919 373 Cap.
1973 302 2048 354 10.
2763 303 2832 357 39

128 444 188 505 tq
209 471 269 478 —
292 448 311 491 1
337 470 398 481 —
421 461 451 489 α
484 445 572 490 erit
605 443 988 503 non-residuum,
1041 460 1121 492 seu
1159 446 1334 493 nullum
1370 446 1507 494 datur
1540 448 1832 510 quadratum,
1872 448 1991 511 quod
2027 463 2109 511 per
2144 450 2326 510 laq—1
2369 445 2579 503 divisum,
2607 445 2833 508 relinquat

129 541 188 600 lvq
207 564 267 573 —
293 543 311 585 1
338 564 395 574 —
415 555 459 585 α.

257 646 366 692 315.
436 644 545 692 Cum
582 647 722 707 igitur
757 664 786 691 α
812 645 1116 708 quodcunque
1152 645 1418 708 quadratum
1454 646 1671 695 denotare
1706 651 1868 710 possit,
1905 657 2011 712 puta
2047 666 2128 706 nn,
2175 650 2347 697 nullum
2382 648 2513 694 datur
2550 644 2832 708 quadratum,

122 735 244 800 quod
286 751 475 786 numero
518 742 662 801 ltq—
688 743 707 785 1
734 754 873 785 —nn
915 740 1158 796 minutum,
1204 754 1283 801 per
1328 743 1509 801 tul—1
1553 740 1691 788 dividi
1728 749 1875 803 queat.
1946 742 2060 788 Hine
2097 758 2179 787 mm
2201 769 2257 776 —
2282 741 2440 802 (hq—
2466 743 2485 786 1
2507 738 2703 801 -ηη),
2754 754 2833 785 seu

121 845 353 878 mm-r-nn
385 847 615 895 nunquam
649 846 729 894 per
763 845 1000 877 numerum
1038 834 1232 893 primum
1268 830 1437 879 formae
1475 836 1641 895 loq—1
1686 833 1908 881 divisibile
1937 837 2112 888 existet,
2148 835 2229 879 nisi
2255 831 2374 879 forte
2403 840 2590 895 uterque
2618 846 2832 879 numerus

121 937 163 970 m
196 931 243 971 et
276 940 307 971 n
340 927 526 973 seorsim
570 939 650 987 per
684 939 786 971 eum
820 925 880 970 sit
914 923 1159 973 divisibilis.

254 1032 363 1078 316.
431 1031 795 1079 Demonstratum
831 1047 944 1094 ergo
980 1041 1049 1081 est
1080 1049 1299 1081 summam
1328 1034 1520 1083 duorum
1555 1036 1877 1098 quadratorum
1913 1038 2029 1082 inter
2063 1051 2109 1081 se
2147 1037 2392 1097 primorum
2420 1031 2555 1078 dividi
2584 1048 2674 1078 non
2700 1047 2833 1093 posse

119 1140 199 1187 per
231 1125 374 1173 ullum
409 1141 644 1173 numerum
677 1128 870 1188 primum
904 1125 1040 1190 hujus
1074 1124 1244 1174 formae
1283 1130 1343 1190 qu
1369 1155 1430 1164 -—
1460 1135 1495 1174 l.
1565 1128 1733 1184 Quodsi
1770 1144 1878 1190 ergo
1913 1130 2029 1174 talis-
2056 1127 2262 1174 binorum
2299 1124 2622 1188 quadratorum
2664 1138 2835 1169 summa

118 1214 283 1264 habeat
333 1219 548 1265 divisores
598 1220 788 1281 primos,
837 1221 867 1266 ii
911 1227 1037 1267 certo
1079 1228 1212 1267 erunt
1250 1221 1389 1285 hujus
1429 1219 1599 1269 formae.
1643 1225 1787 1284 Ιιᾳ-ι-
1811 1226 1858 1277 1,
1912 1229 2086 1269 remoto
2130 1220 2302 1267 scilicet
2342 1219 2536 1274 binario,
2590 1218 2664 1279 qui
2701 1218 2834 1262 etiam

117 1311 389 1374 quandoque
426 1311 595 1360 divisor
627 1329 723 1360 esse
759 1321 931 1376 potest,
972 1316 1192 1362 ambobus
1227 1317 1458 1378 quadratis
1493 1317 1655 1362 sumtis
1690 1316 1951 1378 imparibus.

251 1421 362 1467 317.
430 1420 620 1476 Quando
673 1421 959 1470 residuorum
1001 1423 1332 1484 complementa
1375 1425 1495 1470 inter
1527 1422 1706 1470 residua
1741 1422 2166 1485 deprehenduntur,
2219 1422 2542 1484 complementa
2580 1418 2836 1465 non-resi-

118 1512 312 1562 duorum
355 1515 488 1561 etiam
531 1523 670 1562 erunt
703 1515 1022 1570 non-residua3
1075 1532 1128 1563 ac
1162 1517 1198 1563 si
1234 1518 1367 1563 unius
1399 1516 1566 1563 residui
1603 1517 1982 1579 complementum
2018 1513 2153 1562 fuerit
2189 1514 2584 1570 non-residuum,
2638 1514 2837 1560 omnium

116 1611 401 1660 residuorum
452 1612 779 1674 complementa
830 1617 966 1658 erunt
1005 1610 1340 1669 non-residua,
1392 1617 1528 1674 atque
1571 1610 1899 1672 complementa
1944 1611 2145 1657 omnium
2178 1608 2600 1656 non-residuorum
2635 1608 2831 1653 vicissim

115 1712 251 1752 erunt
283 1704 475 1752 residua.

248 1815 359 1860 318.
430 1813 476 1861 Si
529 1813 720 1860 divisore
769 1814 986 1860 existente
1037 1815 1250 1876 212-1-1,
1303 1813 1361 1858 sit
1405 1828 1440 1874 p
1476 1826 1689 1858 numerus
1733 1826 1833 1873 par,
1884 1811 1957 1858 his
1998 1812 2104 1858 solis
2139 1812 2315 1858 casibus
2349 1812 2526 1857 evenire
2563 1815 2732 1871 potest,
2784 1814 2837 1854 ut

114 1906 395 1955 residuorum
448 1907 777 1969 complementa
826 1922 1006 1969 quoque
1057 1907 1146 1952 sint
1187 1905 1391 1959 residua3
1443 1904 1568 1967 quod
1610 1911 1762 1951 autem
1804 1919 1979 1966 semper
2011 1907 2102 1951 sint
2138 1905 2336 1962 residua,
2387 1905 2496 1951 hinc
2530 1903 2731 1950 nondum
2766 1909 2835 1948 est

114 2002 324 2058 evictum.
392 1998 467 2045 Ad
509 1998 599 2046 hoc
641 2005 791 2046 autem
832 2000 1081 2061 comparari
1124 1998 1292 2047 debent
1323 1998 1436 2044 haec
1471 1997 1649 2044 residua
1685 2013 1790 2043 cum
1831 1997 2023 2044 residuis
2057 2015 2109 2044 ex
2144 2001 2258 2045 serie
2293 2005 2571 2061 potestatum
2604 1999 2739 2053 ortis,
2774 1995 2831 2041 ab

115 2093 277 2142 eodem
313 2093 505 2140 divisore
539 2094 684 2154 2p—r-
706 2095 756 2149 1,
807 2094 845 2139 si
879 2094 1017 2139 series
1054 2098 1331 2155 potestatum
1366 2092 1427 2137 ita
1461 2088 1599 2137 fuerit
1634 2099 1915 2152 comparata,
1951 2100 2002 2139 ut
2038 2092 2282 2140 multitudo
2316 2092 2601 2139 residuorum
2636 2092 2836 2154 aequalis

115 2190 174 2241 sit
208 2186 484 2241 multitudini
519 2184 940 2234 non-residuorum.

249 2297 365 2345 319.
431 2294 502 2342 Sit
538 2297 583 2345 1,
609 2309 657 2348 a,
682 2290 750 2352 α),
779 2291 846 2352 αὖ,
872 2300 960 2356 etc.
995 2290 1259 2357 hujusmodi
1292 2293 1430 2339 series
1463 2299 1754 2354 potestatum,
1781 2309 1894 2355 quae
1916 2311 1948 2356 p
1976 2295 2151 2341 residua
2179 2294 2355 2341 diversa
2381 2294 2606 2356 praebeat,
2642 2292 2833 2341 divisore

114 2393 330 2441 existente
380 2392 526 2452 primo
566 2389 794 2452 ε--ΞΡ-ι-
817 2392 865 2447 1,
916 2389 978 2435 ita
1012 2394 1065 2435 ut
1097 2388 1246 2435 omnia
1281 2386 1458 2434 residua
1492 2385 1644 2434 futura
1669 2390 1770 2446 sint
1810 2391 1857 2441 1,
1895 2404 1944 2446 α,
1981 2387 2048 2444 αἳ,
2089 2386 2180 2445 a⁸,.
2204 2426 2214 2435 .
2237 2389 2456 2444 ..αἶ’-ι,
2509 2391 2626 2451 ipsas
2659 2389 2836 2435 scilicet

115 2493 359 2549 potestates
412 2492 629 2546 tanquam
673 2466 865 2529 residuis
905 2474 1238 2545 aequivalentes
1278 2480 1554 2528 adhibendo.
1623 2481 1943 2530 Non-residua
1979 2490 2130 2530 autem
2164 2485 2253 2530 sint
2286 2483 2473 2530 totidem
2507 2498 2720 2536 numero,
2775 2485 2834 2528 ita

114 2595 340 2645 expressa:
377 2577 447 2634 A,
481 2576 579 2634 Aa,
613 2574 728 2634 Aa²,
762 2573 874 2635 Aa3,
890 2611 1034 2623 .....
1047 2572 1254 2622 dap—¹.

246 2689 359 2736 320.
426 2687 508 2734 Hic
541 2686 638 2750 jam
670 2683 872 2742 residua,
909 2687 1076 2748 pariter
1117 2700 1171 2732 ac
1212 2683 1392 2731 residua
1427 2683 1777 2747 quadratorum,
1814 2687 1875 2732 ita
1911 2692 2019 2732 sunt
2053 2694 2334 2748 comparata,
2392 2693 2443 2732 ut
2481 2688 2532 2748 1)
2565 2685 2620 2731 ab
2656 2686 2827 2731 unitate

113 2783 352 2845 incipiant,
404 2779 456 2843 2)
501 2779 724 2842 producta
762 2779 973 2828 hinorum
1021 2777 1308 2826 residuorum
1358 2794 1539 2841 quoque
1582 2780 1673 2824 sint
1712 2778 1914 2836 residua,
1967 2779 2018 2843 3)
2065 2779 2286 2842 producta
2329 2795 2381 2825 ex
2421 2779 2600 2826 residuo
2635 2785 2681 2823 et
2715 2791 2835 2823 non·

113 2874 295 2926 residuo
344 2874 463 2919 inter
513 2872 829 2920 non-residua
878 2879 1143 2926 occurrant,
1195 2872 1314 2920 unde
1357 2871 1632 2920 concludere
1675 2872 1781 2919 licet
1815 2872 2036 2934 producta
2080 2888 2132 2918 ex
2167 2873 2284 2918 binis
2316 2872 2640 2919 non-residuis
2673 2872 2833 2917 iterum

111 2972 161 3017 in
193 2968 399 3035 ordinem
432 2964 718 3014 residuorum
754 2967 959 3013 transire.
1510 3027 1518 3035 ι

248 3065 359 3119 321.
430 3061 477 3109 Si
528 3061 702 3107 αΡ-1
756 3058 977 3107 divisibile
1026 3060 1087 3106 sit
1127 3073 1207 3121 per
1236 3059 1450 3120 2ρ-ι-1,
1502 3065 1599 3104 tum
1634 3072 1662 3103 α
1697 3065 1820 3104 certe
1855 3065 1925 3104 est
1958 3057 2186 3104 residuum
2224 3057 2558 3120 quadratorum.
2628 3055 2675 3103 Si
2713 3059 2833 3104 enim

115 3164 233 3208 esset
264 3155 639 3212 non-residuum,
676 3155 824 3201 omnia
858 3154 1028 3216 reliqua
1063 3150 1258 3208 residua,
1295 3167 1409 3214 quae
1441 3158 1548 3198 sunt
1580 3166 1656 3209 αα,
1691 3153 1774 3209 affl,
1812 3167 1891 3211 ay,
1918 3159 2007 3199 etc.
2035 3152 2223 3199 eandem
2248 3154 2470 3202 haberent
2500 3159 2832 3219 proprietatem,

115 3250 310 3312 ideoque
358 3263 514 3297 omnes
561 3248 735 3295 numeri
784 3262 822 3293 ω
871 3247 934 3294 ita
982 3251 1134 3292 essent
1182 3247 1457 3307 comparati,
1511 3251 1561 3292 ut
1604 3244 1781 3291 :cp—1
1828 3261 1909 3308 per
1959 3246 2144 3310 2p÷1
2194 3246 2332 3294 dividi
2375 3256 2550 3311 posset,
2603 3248 2728 3312 quod
2762 3256 2831 3295 est

116 3342 360 3391 absurdum
384 3341 465 3405 (⁴⁶).
631 3407 633 3409 Ι

247 3438 358 3485 322.
426 3435 539 3483 Cum
586 3437 706 3482 enim
756 3437 802 3482 in
853 3432 1046 3482 residuis
1096 3433 1421 3497 quadratorum
1471 3450 1543 3483 res
1595 3438 1657 3484 ita
1700 3452 1747 3484 se
1798 3436 1983 3495 habeat,
2035 3437 2112 3485 ubi
2154 3452 2372 3484 numerus
2412 3436 2830 3484 non-residuorum

117 3530 314 3594 aequalis
347 3537 418 3577 est
450 3544 638 3577 numero
671 3528 978 3586 residuorum,
1015 3531 1052 3576 si
1090 3530 1136 3576 in
1169 3528 1364 3576 residuis
1398 3538 1671 3592 potestatum
1707 3547 1839 3579 secus
1872 3533 2094 3590 eveniret,
2137 3539 2185 3578 et
2218 3531 2439 3594 producta
2475 3546 2525 3576 ex
2558 3530 2675 3577 binis
2711 3545 2830 3577 non-

115 3624 307 3672 residuis
339 3627 503 3672 iterum
537 3623 698 3670 darent
733 3612 1119 3683 non-residuum,
1165 3624 1407 3673 multitudo
1441 3626 1858 3674 non-residuorum
1892 3633 2125 3689 superaret
2156 3624 2488 3672 multitudinem
2524 3623 2822 3680 residuorum,

117 3724 277 3765 contra
311 3717 601 3780 hypothesin.

251 3813 361 3860 323.
428 3812 525 3859 Hoc
558 3819 708 3860 autem
745 3807 919 3858 firmius
954 3812 1014 3858 ita
1048 3812 1225 3860 ostendi
1260 3821 1434 3876 potest:
1487 3813 1597 3862 Cum
1631 3814 1677 3862 A
1712 3813 1902 3876 quodvis
1936 3812 2297 3860 non-residuum
2332 3812 2546 3860 denotare
2583 3815 2745 3875 possit,
2780 3829 2831 3859 ae

117 3911 215 3951 tum
266 3903 388 3952 aliud
438 3903 630 3978 quodvis
677 3904 1042 3954 non-residuum
1091 3908 1151 3953 ita
1201 3911 1526 3970 repraesentari
1570 3910 1731 3971 possit,
1784 3914 1836 3954 ut
1874 3909 1934 3954 sit
1970 3907 2088 3965 Aan,
2141 3908 2416 3971 productum
2460 3909 2670 3956 binorum
2714 3923 2829 3955 non-

301 4027 345 4079 (*)
404 4026 481 4068 Hic
501 4028 780 4082 paragraphus
799 4028 840 4068 in
861 4027 1118 4082 autographo
1139 4028 1310 4082 margini
1332 4028 1563 4083 adscriptus
1584 4035 1659 4070 est.
