3080 4562
296 335 333 385 8
1079 326 1136 376 L.
1178 324 1218 374 E
1231 324 1273 374 U
1283 323 1324 373 L
1335 322 1429 373 ER
1440 320 1466 371 Ι
1514 321 1737 374 OPERA
1775 321 2160 375 POSTHUMA.
2696 343 2955 386 Arichmete‘ca.
2975 387 2978 390 ,

405 480 483 524 52.
550 474 594 520 Si
623 473 818 519 indolem
844 484 1130 516 numerorum
1157 469 1374 513 attentius
1398 467 1777 528 contemplemur,
1810 464 1945 512 facile
1973 469 2287 528 percipiemus,
2324 471 2379 516 ab
2405 473 2532 517 initio
2558 488 2769 519 numeros
2796 476 2962 535 primos

272 570 627 631 frequentissime
672 578 928 618 occurrere,
982 563 1256 621 compositos
1298 567 1448 606 autem
1488 561 1711 605 rarissime
1745 563 2042 621 interspersos
2084 576 2180 606 esse
2216 560 2394 626 debere.
2466 565 2565 619 Quo
2600 566 2781 627 longius
2815 574 2962 613 aut-em

273 662 631 724 progrediamur,
669 673 722 703 eo
760 657 908 716 plures
942 656 1223 715 reperientur
1257 655 1426 699 numeri
1464 655 1722 715 compositi,
1761 661 1919 700 contra
1954 661 2101 699 autem
2136 656 2371 715 pauciores
2406 658 2550 717 primi.

406 757 480 800 53.
551 749 721 797 Deinde
758 751 887 793 etiam
923 749 1069 793 notari
1106 754 1288 808 oportet
1321 749 1364 792 in
1399 748 1716 808 progressione
1749 762 2038 793 numerorum
2077 749 2322 808 primorum
2362 751 2402 805 1,
2437 752 2482 805 2,
2521 751 2565 806 3,
2604 753 2648 806 5,
2686 754 2728 808 7,
2769 755 2843 809 11,
2882 756 2959 808 13,

276 851 346 903 17,
389 847 459 897 19,
495 852 581 889 etc,
620 842 789 887 nullum
826 843 955 902 plane
992 841 1195 887 ordinem
1230 856 1464 902 apparere,
1501 840 1618 885 unde
1653 841 1722 886 lex
1757 840 1895 903 hujus
1931 843 2255 901 progressionis
2289 837 2466 887 definiri
2510 845 2672 903 possit,
2706 846 2880 891 etiamsi
2917 848 2965 891 in

270 954 433 1000 genere
469 944 640 981 certum
676 937 756 985 sit,
792 950 880 995 quo
915 935 1098 995 longius
1133 933 1498 995 progrediamur,
1536 936 1683 979 minus
1716 932 1974 994 frequentes
2006 949 2084 980 eos
2119 940 2214 979 esse
2250 933 2427 980 dehere.

403 1034 477 1075 54.
545 1029 748 1075 Tabulae
792 1028 1032 1080 habentur,
1084 1030 1127 1072 in
1169 1027 1333 1088 quibus
1376 1029 1549 1072 numeri
1594 1029 1724 1088 primi
1766 1026 2014 1073 secundum
2056 1029 2283 1073 centurias
2325 1035 2430 1074 sunt
2472 1028 2699 1091 dispositi;
2750 1038 2883 1094 atque
2918 1035 2963 1079 in

269 1126 411 1185 prima
443 1124 645 1168 centuria
689 1122 743 1167 ab
786 1124 803 1165 1
844 1121 901 1166 ad
942 1123 1030 1167 100
1067 1128 1173 1166 sunt
1216 1122 1278 1166 26
1313 1122 1485 1166 numeri
1522 1122 1671 1180 primi,
1717 1122 1762 1165 in
1796 1119 1994 1166 secunda
2030 1122 2117 1174 21,
2161 1121 2206 1165 in
2240 1122 2528 1182 sequentibus
2563 1138 2670 1169 vero
2705 1127 2963 1185 panciores;

267 1232 410 1277 neque
446 1224 594 1261 tamen
628 1230 782 1261 eorum
833 1214 1077 1260 multitudo
1121 1215 1338 1260 continuo
1373 1215 1609 1269 minuitur,
1662 1212 1742 1258 sed
1784 1214 1931 1284 potius
1974 1212 2216 1259 admodum
2262 1193 2574 1275 irregulariter
2607 1216 2742 1273 modo
2777 1221 2962 1277 crescit,

267 1309 403 1356 modo
429 1309 665 1355 decrescit.
736 1309 810 1354 Sic
837 1325 863 1353 a
887 1310 981 1354 200
1010 1307 1067 1353 ἃᾶ
1096 1308 1189 1354 300
1218 1314 1464 1353 occurrunt
1495 1309 1552 1352 16
1587 1308 1769 1352 numeri
1788 1308 1939 1367 primi,
1975 1313 2021 1351 at
2046 1283 2195 1353 alerO
2230 1306 2288 1352 ad
2317 1309 2409 1354 500
2436 1315 2542 1354 sunt
2570 1311 2651 1366 17,
2687 1309 2963 1373 totidemque

266 1403 417 1449 adhuc
455 1418 479 1448 a
522 1403 640 1447 11400
675 1401 732 1446 ad
775 1400 912 1447 15¹)0'.
950 1401 1085 1447 Porro
1119 1416 1143 1446 a
1182 1401 1340 1456 79700
1375 1399 1434 1445 ἃᾶ
1471 1401 1629 1445 79800
1658 1407 1748 1445 tres
1781 1407 1954 1445 tantum
1981 1403 2271 1461 reperiuntur
2296 1403 2471 1446 numeri
2506 1404 2656 1463 primi;
2691 1402 2781 1450 hoc
2814 1411 2963 1451 tamen

264 1512 355 1543 non
390 1497 595 1542 obstante
632 1497 675 1540 in
714 1497 918 1540 centuria
951 1510 978 1540 a
1012 1496 1172 1541 90000
1206 1493 1264 1540 ad
1301 1495 1461 1540 90100
1497 1492 1646 1540 adhuc
1690 1495 1745 1540 13
1782 1464 1969 1540 numeri⁹
1988 1495 2118 1555 primi
2155 1493 2571 1556 deprehenduntur.

1438 1771 1674 1822 Caput
1714 1770 1797 1812 ΙΙ.

982 1863 987 1876 l
1026 1856 1049 1871 Ο

1281 1871 1341 1910 De
1380 1869 1629 1909 divisoribus
1668 1882 1945 1909 numerorum.

402 1979 476 2022 55.
546 1974 773 2029 Quatenus
815 1971 996 2034 quidam
1040 1987 1251 2017 numerus
1292 1978 1359 2015 est
1401 1970 1653 2031 multiplum
1690 1970 1802 2016 alius
1838 1972 2031 2028 numeri,
2084 1978 2270 2017 eatenus
2311 1971 2385 2018 bic
2419 1972 2539 2019 illius
2573 1973 2738 2021 dicitur
2768 1975 2958 2034 divisor,

266 2077 310 2113 et
343 2067 473 2114 index
508 2067 851 2128 multiplicitatis
884 2067 1037 2111 vocari
1073 2065 1190 2111 solet
1224 2072 1390 2125 quotus
1416 2079 1466 2109 ex
1503 2063 1721 2109 divisione
1757 2071 1897 2109 ortus.

400 2165 474 2208 56.
545 2161 608 2206 lta
646 2162 680 2205 si
725 2174 935 2205 numerus
972 2158 1014 2205 N
1040 2156 1178 2204 fuerit
1219 2157 1473 2218 multiplum
1517 2157 1661 2218 ipsius‘
1688 2173 1737 2214 α,
1783 2157 1929 2203 indice
1973 2159 2187 2204 existente
2221 2175 2274 2209 n,
2309 2151 2360 2205 ut
2393 2162 2451 2206 sit
2485 2160 2530 2207 N
2545 2176 2706 2213 =na‚
2749 2176 2960 2208 numerus

265 2273 291 2301 α
327 2259 412 2302 erit
447 2256 613 2300 divisor
648 2255 820 2300 numeri
853 2252 919 2309 N,
956 2259 1001 2297 et
1036 2251 1164 2297 index
1199 2267 1234 2315 n·
1264 2251 1494 2313 praebebit
1530 2258 1732 2312 quotum.
1799 2252 1989 2298 Scilicet
2022 2253 2057 2297 si
2084 2268 2307 2301 ,numerus
2341 2253 2521 2301 N=na
2549 2270 2626 2316 per
2651 2269 2680 2300 α
2714 2254 2959 2310 dividatur,
3020 2259 3024 2263 '

266 2358 434 2411 quotus
470 2351 554 2394 erit
587 2365 630 2394 η.

401 2447 475 2488 57.
545 2443 653 2489 Cum
704 2427 947 2487 numerin
989 2449 1033 2486 et
1076 2457 1103 2486 α
1155 2443 1271 2486 inter
1312 2456 1359 2486 se
1404 2442 1493 2486 sint
1535 2441 1873 2502 permutabiles,
1926 2441 2103 2502 hocque
2154 2449 2363 2503 respectu
2412 2440 2608 2490 factores
2655 2444 2959 2505 appellentur,
3018 2484 3021 2488 .

266 2551 476 2582 numerus
520 2536 561 2582 N
574 2551 715 2581 :na
760 2538 891 2581 etiam
937 2535 1178 2581 divisorem
1223 2535 1404 2580 habebit
1438 2551 1493 2588 n,
1546 2543 1802 2596 quotusque
1840 2542 1937 2581 tum
1979 2527 2078 2581 erit'
2106 2550 2147 2582 α.
2217 2535 2269 2582 In
2311 2551 2480 2597 genere
2524 2552 2634 2599 ergo
2670 2537 2839 2585 divisor
2881 2553 2959 2600 per

266 2637 452 2691 quotum
490 2630 811 2689 multiplicatus
846 2631 988 2689 ipsum
1023 2643 1258 2674 numerum
1291 2628 1482 2674 divisum
1516 2628 1791 2689 reproducit.

400 2725 475 2768 58.
547 2721 656 2767 Cum
693 2723 878 2783 quilibet
911 2737 1123 2767 numerus
1157 2723 1214 2767 sit
1247 2724 1312 2767 sui
1344 2723 1480 2782 ipsius
1514 2722 1742 2782 simplum,
1789 2723 1939 2768 unitas
1974 2723 2193 2785 cujusque
2227 2726 2399 2770 numeri
2435 2732 2503 2770 est
2536 2716 2727 2778 divisor,
2778 2726 2958 2787 ipseque

266 2831 476 2862 numerus
510 2823 691 2877 quotus.
759 2816 877 2861 Tum
913 2831 1019 2861 vero
1053 2815 1240 2877 quilibet
1273 2830 1486 2862 numerus
1520 2823 1590 2860 est
1623 2817 1690 2861 sui
1725 2817 1864 2876 ipsius
1898 2814 2090 2870 divisor,
2125 2825 2266 2878 quoto
2301 2820 2513 2863 existente
2547 2820 2734 2864 unitate.

400 2912 473 2955 59.
545 2909 740 2963 Quilibet
774 2924 885 2969 ergo
920 2924 1132 2954 numerus
1167 2908 1212 2955 N
1240 2911 1383 2970 primo
1418 2911 1637 2955 unitatem
1672 2924 1752 2970 pro
1782 2909 1980 2978 vdivisore
2014 2910 2174 2963 habet,
2211 2913 2380 2973 eritque
2417 2918 2512 2957 tum
2546 2913 2639 2972 ipse
2674 2925 2886 2958 numerus
2917 2911 2964 2959 Ν

270 3009 450 3062 quotus.
521 3002 691 3047 Deinde
727 3005 858 3047 etiam
895 3002 1086 3063 quilibet
1121 3018 1334 3048 numerus
1370 3002 1414 3049 N
1442 3018 1487 3048 se
1524 3004 1667 3064 ipsum
1703 3003 1839 3049 habet
1872 3018 1953 3064 pro
1991 3003 2205 3061 divisore,
2243 3012 2383 3066 quoto
2419 3006 2636 3050 existente
2671 3006 2857 3052 unitate.

398 3097 473 3141 60.
543 3095 704 3140 Nullus
739 3110 949 3140 numerus
982 3096 1091 3141 alios
1126 3096 1262 3141 habet
1298 3095 1534 3148 divisores,
1585 3099 1670 3142 nisi
1703 3112 1895 3158 quorum
1931 3105 1999 3143 est
2032 3098 2298 3159 multiplum.
2339 3098 2512 3159 (simplo
2548 3113 2599 3143 ex
2632 3097 2731 3144 idea
2766 3098 2955 3161 multipli

266 3188 339 3233 hic
374 3203 464 3232 non
501 3188 725 3250 excluso);
778 3191 813 3233 si
850 3191 965 3233 enim
1012 3190 1147 3235 alium
1181 3190 1366 3235 haberet
1408 3189 1675 3246 divisorem,
1719 3206 1773 3236 eo
1810 3193 1906 3252 ipso
1939 3190 2077 3253 hujus
2111 3188 2290 3237 futurus
2330 3199 2447 3237 esset
2481 3192 2758 3253 multiplum,
2811 3199 2954 3254 quoto

265 3282 512 3345 praebente
548 3281 741 3327 indicem
777 3283 981 3343 multipli.

397 3377 474 3420 61.
544 3375 655 3421 Cum
689 3377 826 3436 igitur
854 3391 1065 3422 numerus
1093 3378 1259 3438 primus
1287 3376 1456 3422 nullius
1481 3378 1595 3422 alius
1626 3379 1824 3432 numeri,
1861 3386 2037 3439 praeter
2063 3381 2304 3434 unitatem,
2340 3380 2399 3424 sit
2432 3378 2710 3440 multiplum,
2745 3395 2955 3427 numerus

268 3471 434 3528 primus
476 3469 587 3515 alios
630 3485 720 3515 non
762 3470 897 3514 habet
940 3469 1179 3526 divisores,
1232 3477 1406 3530 praeter
1447 3472 1662 3516 unitatem
1694 3478 1755 3517 ,et
1797 3487 1844 3516 se
1887 3474 2046 3533 ipsum.
2123 3472 2306 3518 Scilicet
2346 3474 2398 3534 sil
2417 3488 2450 3533 p
2493 3471 2678 3518 denotet
2718 3487 2954 3519 numerum

269 3563 479 3620 primum,
517 3562 613 3623 ejus
648 3562 864 3608 divisores
898 3570 1033 3608 erunt
1072 3566 1090 3608 1
1132 3570 1178 3609 et
1206 3579 1261 3624 p,
1296 3579 1439 3624 neque
1476 3571 1650 3625 praeter
1682 3564 1766 3610 hos
1800 3566 1916 3611 ullos
1949 3566 2086 3612 habet
2118 3566 2242 3612 alios.

400 3655 477 3699 62.
546 3654 726 3701 Numeri
765 3671 876 3717 ergo
913 3658 1063 3717 primi,
1117 3672 1196 3702 seu
1242 3658 1411 3718 primae
1447 3658 1625 3714 classis,
1681 3658 1796 3704 duos
1829 3665 2005 3704 tantum
2039 3659 2207 3705 habent
2245 3659 2481 3716 divisores,
2534 3666 2718 3721 excepta
2760 3661 2950 3716 unitate,

268 3748 431 3807 quippe
466 3762 576 3807 quae
616 3751 796 3795 unicum
829 3750 995 3804 habet3
1030 3766 1163 3812 quam
1200 3751 1258 3796 ob
1293 3753 1644 3818 causam-etiam
1678 3754 1826 3800 unitas
1853 3755 2055 3798 numeris
2087 3755 2239 3814 primis
2273 3768 2364 3799 non
2398 3754 2622 3798 accenseri
2656 3740 2786 3799 solet.

399 3840 476 3884 63.
543 3839 723 3885 Numeri
766 3843 988 3888 secundae
1031 3845 1208 3901 classis,
1262 3846 1337 3905 qui
1384 3851 1596 3890 constant
1635 3844 1812 3891 duobus
1854 3843 2107 3893 factoribus
2148 3848 2300 3909 primis
2333 3862 2418 3908 pq,
2469 3847 2571 3907 quia
2608 3853 2715 3892 sunt
2750 3847 2952 3909 multipla

268 3933 521 3992 utriusque,
577 3941 749 3993 praeter
792 3935 1004 3981 divisores
1052 3940 1070 3982 1
1117 3945 1162 3982 et
1198 3954 1262 3999 pq
1302 3939 1434 3984 etiam
1476 3937 1694 3984 divisores
1734 3938 1905 3985 habent
1941 3956 1974 4001 p
2009 3947 2056 3986 et
2089 3957 2143 4001 q,
2190 3942 2248 3986 ita
2284 3947 2333 3986 ut
2360 3954 2513 3986 omnes
2547 3954 2702 3986 eorum
2737 3937 2976 3986 divisores*

271 4026 360 4069 sint
400 4027 449 4081 1,
479 4041 535 4086 p,
572 4041 600 4085 q
635 4033 680 4071 et
709 4043 786 4087 pq.

3051 2238 3059 2245 x

3073 2736 3080 2854 ..Q-...fl
3075 2674 3080 2710 ..-
3074 2637 3080 2660 ⁴-
3076 2600 3080 2614 ..
3075 2487 3080 2577 .-.n-n
3075 2452 3080 2468 -.
3066 2371 3080 2426 A».
3076 2307 3080 2354 .-.
3075 2187 3080 2282 .-.,....
3073 2101 3080 2158 ...⁴-

3069 3073 3080 3511 l
