3080 4562
1149 306 1227 359 De
1257 309 1505 378 quadratis
1540 310 1755 381 maqim's.
2726 316 2739 368 1
2756 318 2822 371 43

116 450 196 497 ubi
229 449 454 514 quaelibet
485 447 622 497 fascia
655 462 741 496 nec
777 464 868 496 nou
898 449 1055 498 ambae
1089 449 1355 513 diagonales
1385 467 1605 500 summam
1639 454 1751 501 dant
1789 457 1863 502 ¹5.
1914 454 1962 502 Si
2000 457 2173 505 valores
2205 458 2456 506 litterarum
2489 476 2519 507 α
2552 469 2599 508 et
2633 463 2677 518 b,
2713 466 2817 510 item

114 560 145 588 α
178 551 228 591 et
257 546 300 603 β
333 551 584 607 permutare
616 543 828 602 velimus,
866 540 998 606 facile
1035 543 1332 605 intelligitur,
1372 544 1476 592 inde
1510 553 1684 593 tantum
1718 550 1855 595 situm
1888 549 2095 612 quadrati
2131 555 2350 600 mutatum
2386 555 2453 600 iri.

242 649 271 717 §
310 655 383 701 10.
453 652 575 699 llaec
610 650 794 715 quidem
828 652 1065 714 dispositio
1099 656 1193 697 tam
1230 650 1489 709 latinarum,
1529 667 1660 714 quam
1693 668 1959 714 graecarum
1994 656 2245 705 litterarum
2280 675 2360 722 per
2395 676 2442 707 se
2476 664 2583 708 satis
2616 671 2685 710 est
2719 680 2821 727 pcr-

111 749 287 811 spicua‚
337 745 417 794 sed
478 746 768 808 praecipuum
819 751 1095 792 momentum
1143 745 1190 791 in
1223 743 1314 791 hoc
1361 751 1431 791 est
1480 746 1699 806 positum,
1750 752 1801 791 ut
1841 743 1960 794 facta
2003 751 2355 811 combinatione,
2396 755 2600 816 singulae
2642 758 2817 806 litterae

114 842 275 889 latinae
325 856 429 914 cum
480 841 670 903 singulis
721 840 897 902 graecis
946 839 1303 902 conjungantur,
1350 837 1398 885 id
1440 839 1564 901 quod
1606 841 1652 885 in
1693 846 1847 886 nostra
1881 841 2213 890 combinatione
2248 861 2355 892 casu
2391 852 2591 896 evenisse
2628 852 2818 901 videtur.

109 934 175 982 Ut
214 936 356 997 igitur
390 936 436 981 in
468 934 557 981 hoc
593 934 777 995 negotio
813 932 924 979 nihil
958 933 1081 980 casui
1114 933 1378 995 tribuamus,
1413 940 1518 979 ante
1552 935 1698 980 omnia
1726 934 2020 981 observemus
2047 935 2252 984 ordinem
2278 939 2528 989 litterarum
2556 959 2816 1005 graecarum

109 1048 160 1085 α,
201 1031 263 1088 β,
306 1046 340 1090 γ
373 1028 499 1076 nullo
534 1026 670 1076 modo
702 1027 758 1074 ab
794 1025 952 1074 ordine
987 1027 1224 1074 latinarum
1261 1042 1311 1085 a,
1364 1027 1414 1084 b,
1459 1042 1483 1074 c
1523 1027 1743 1090 pendere,
1795 1027 1918 1076 unde
1960 1045 2044 1092 pro
2088 1032 2286 1093 qualibet
2319 1030 2457 1081 fascia
2493 1034 2679 1086 definita
2713 1057 2814 1088 cum

105 1127 275 1175 litteris
300 1125 472 1172 ·latinis
522 1123 850 1185 cognomines·
871 1136 1058 1184 graecas
1109 1121 1366 1170 combinare
1420 1123 1593 1180 licebit,
1645 1124 1704 1170 ita
1757 1130 1811 1171 ut
1858 1142 1891 1170 α
1939 1122 2042 1173 cum
2093 1140 2145 1183 a,
2196 1127 2238 1183 β
2286 1143 2391 1175 cum
2433 1129 2460 1175 b
2503 1138 2550 1177 et
2590 1149 2622 1191 y
2656 1149 2757 1182 cum
2792 1152 2816 1183 c

107 1219 410 1278 combinetur3
462 1220 522 1265 ita
573 1219 612 1264 si
661 1219 804 1279 prima
851 1214 992 1264 fascia
1043 1216 1338 1264 horizontalis
1387 1223 1614 1264 statuatur
1662 1232 1749 1276 αα,
1781 1217 1898 1279 w„
1927 1234 2008 1279 cy,
2065 1223 2274 1282 quoniam
2316 1223 2362 1268 in
2395 1223 2516 1270 nulla
2550 1224 2685 1273 fascia
2721 1231 2813 1275 sive

105 1313 390 1369 horizontali,
447 1314 540 1359 sive
594 1311 796 1358 verticali
846 1310 1003 1358 eadem
1045 1310 1195 1357 littera
1229 1325 1391 1372 graeca
1431 1310 1500 1356 bis
1533 1326 1774 1358 occurrere
1809 1312 1967 1370 debet,
2021 1311 2150 1360 facile
2196 1322 2322 1376 patet
2353 1317 2595 1365 secundam
2631 1317 2813 1369 fasciam

0 1395 12 1482 J
102 1407 428 1458 horizontalem
466 1406 562 1455 sore
599 1406 684 1467 by,
725 1421 803 1466 ca,
836 1406 927 1463 αβ;
962 1408 1140 1454 tertiam
1179 1399 1408 1463 vero'csS',
1443 1422 1528 1467 ay,
1563 1408 1644 1462 (1013
1687 1407 1808 1455 unde
1842 1408 1934 1456 hoc
1966 1407 2235 1472 quadratum
2270 1410 2479 1455 resultet:

103 2007 180 2058 ubi
213 2008 316 2075 quia
350 2008 398 2054 in
431 2004 660 2068 diagonali
693 2004 873 2051 sinistra
905 2000 1062 2049 eadem
1097 1987 1248 2050 littera
1283 2017 1446 2064 graeca
1473 2020 1503 2048 α
1528 2009 1599 2050 ter
1625 2004 1848 2061 occurrit,
1885 2019 2067 2051 necesse
2093 2012 2175 2064 est,
2204 2014 2255 2053 ut
2277 2002 2358 2054 fiat
2386 2010 2811 2074 3oe=a—i-,6'—i-y,

100 2093 292 2168 ideoque
325 2095 678 2159 Ξαεβ-ι-γ,
729 2097 1020 2162 quamobrem
1050 2095 1159 2145 hinc
1192 2097 1319 2144 valor
1340 2085 1492 2159 'ipsius
1526 2115 1555 2143 α
1590 2096 1938 2157 determinatur,
1991 2100 2167 2147 scilicet
2201 2119 2314 2145 «ιε
2335 2106 2391 2161 2,
2434 2100 2809 2166 quemadmodum

102 2197 297 2247 vidimus
331 2196 449 2243 sumi
481 2193 647 2242 debere
681 2207 706 2241 c
724 2213 788 2269 ς
805 2194 858 2252 33
899 2190 1007 2239 hinc
1040 2199 1192 2239 autem
1227 2190 1349 2239 nulla
1382 2206 1498 2238 nova
1535 2190 1754 2254 quadrata
1789 2193 1964 2255 magica
1997 2202 2261 2242 nascuntur.

233 2319 275 2388 ᾗ
301 2323 379 2369 ss.
442 2319 704 2381 Quanquam
736 2319 784 2363 in
817 2316 904 2364 hac
938 2317 1079 2379 prima
1111 2316 1259 2378 specie
1291 2314 1526 2377 dispositio
1560 2315 1814 2363 litterarum
1850 2309 2113 2378 graecarum
2145 2319 2271 2365 nulla
2303 2319 2478 2367 laborat
2523 2317 2810 2382 difficultate,

101 2425 252 2465 tamen
300 2429 384 2477 pro
431 2412 664 2478 quadratis
711 2412 908 2475 plinium
959 2410 1226 2458 cellularum
1278 2409 1522 2473 plurimum
1569 2411 1795 2468 intererit,
1847 2418 2018 2458 certam
2058 2412 2263 2474 regulam
2305 2414 2509 2472 tradere,
2560 2416 2811 2464 secundum

17 2563 21 2565 ,
103 2525 237 2576 quam
279 2511 452 2557 litterae
492 2522 679 2570 graecae
723 2509 809 2553 rite
845 2505 1027 2553 inscribi
1069 2511 1257 2568 queant,
1309 2511 1545 2567 postquam
1581 2505 1746 2551 latinae
1773 2505 1870 2568 jam
1906 2504 2056 2552 debite
2089 2503 2259 2553 fuerint
2294 2507 2555 2571 dispositae3
2605 2509 2731 2556 hunc
2764 2512 2811 2557 iu

105 2602 244 2654 finem
279 2604 474 2666 eligatur
504 2599 644 2648 fascia
676 2602 910 2663 quaepiam
942 2596 1090 2645 media
1123 2600 1217 2645 sive
1246 2597 1567 2656 horizontalis,
1613 2599 1709 2644 sive
1745 2597 1994 2656 verticalis,
2044 2600 2138 2645 sive
2173 2602 2307 2646 etiam
2340 2600 2621 2664 diagonalis,
2663 2605 2723 2649 ita
2757 2611 2811 2650 ut

106 2698 166 2748 ad
199 2705 434 2763 utramque
468 2703 640 2758 partem
674 2696 803 2742 istius
833 2693 996 2743 fasciae
1033 2698 1080 2743 in
1116 2694 1291 2743 cellulis
1323 2693 1429 2742 inde
1463 2710 1604 2758 aeque
1639 2695 1838 2752 remotiS,
1874 2694 2041 2757 ubique
2068 2694 2183 2742 duae
2211 2696 2388 2743 litterae
2415 2697 2578 2743 latinae
2607 2696 2810 2745 diversae

106 2795 407 2858 reperiantur,
443 2791 583 2838 veluti
616 2790 694 2838 hic
725 2792 877 2856 evenit
909 2792 962 2854 iu⁴
987 2790 1198 2838 columna
1233 2789 1381 2837 media
1414 2789 1637 2847 verticali,
1672 2791 1792 2836 circa
1827 2803 1961 2852 quam
1987 2791 2035 2836 in
2058 2792 2196 2851 prima
2226 2789 2496 2838 horizontali
2523 2794 2810 2854 reperiuntur
2882 2803 2885 2805 ’

104 2891 281 2940 litterae
306 2902 338 2934 a
360 2893 410 2936 et
433 2904 474 2947 c,
503 2890 548 2935 in
573 2883 772 2935 secunda
796 2884 825 2930 b
844 2891 892 2932 et
907 2900 949 2942 a,
979 2886 1026 2932 in
1050 2887 1185 2932 tertia
1212 2899 1318 2933 vero
1341 2900 1365 2933 c
1391 2892 1439 2931 et
1455 2885 1496 2943 b,
1523 2885 1600 2931 ubi
1624 2876 1754 2932 binae
1790 2878 1967 2931 li'tterae
1993 2881 2193 2930 diversae
2220 2883 2303 2930 sibi
2329 2884 2494 2946 ubique
2519 2885 2810 2948 respondent.

235 3009 266 3078 §
304 3013 378 3060 12.
451 3012 693 3074 Postquam
728 3016 877 3057 autem
910 3009 1014 3055 talis
1046 3008 1258 3056 columna
1288 3006 1436 3055 media
1469 3005 1609 3055 fuerit
1642 3008 1847 3064 inventa,
1900 3008 1947 3052 in
1980 3021 2031 3052 ea
2059 3005 2264 3068 singulae
2299 2988 2473 3053 litterae
2506 3007 2671 3054 latinae
2704 3023 2810 3054 cum

107 3109 284 3174 graecis
316 3105 664 3169 cognominibus
704 3103 1042 3162 combinentur,
1091 3109 1191 3163 tum
1231 3118 1342 3150 vero
1374 3104 1422 3149 in
1457 3102 1570 3150 locis
1604 3102 1815 3163 utrinque
1849 3099 2224 3163 respondentibus
2259 3100 2436 3148 litterae
2469 3115 2659 3164 graecae
2693 3117 2809 3165 cog-

106 3203 309 3251 nomines
342 3205 675 3266 permutentur3
708 3197 885 3262 hocque
918 3196 1055 3245 modo
1087 3198 1172 3244 ista
1204 3190 1360 3259 figura·
1386 3184 1646 3243 resultabit:
1974 3173 1982 3178 ’
2532 3184 2537 3188 ’

107 3766 187 3816 ubi
217 3767 330 3817 certi
361 3780 518 3813 mus
548 3779 652 3812 eum
685 3762 877 3825 singulis
910 3761 1060 3808 latinis
1096 3760 1259 3808 litteris
1289 3774 1447 3807 omnes
1480 3775 1666 3823 graecas
1699 3759 1960 3806 combinari.
2010 3756 2242 3813 Ceterum,
2276 3763 2328 3803 ut
2360 3755 2607 3805 conditioni
2644 3757 2808 3819 diago-

109 3861 280 3909 ulium
304 3856 742 3916 'antistiam'neeesse
775 3863 869 3913 est,
903 3853 1281 3918 quemaffinodum
1307 3853 1402 3916 jam
1434 3854 1709 3909 notavimus,
1744 3858 1798 3899 ut
1829 3857 2036 3898 sumatur
2068 3850 2363 3897 2c=a÷b
2396 3857 2444 3897 et
2476 3853 2803 3909 2y=a÷s5n

109 3954 241 4003 Huc*
261 3961 411 4002 nutem
444 3949 595 4015 figura
630 3967 727 3999 nen
755 3950 979 4012 discrepat
1011 3947 1070 3995 ab
1107 3962 1184 4000 ea.
1216 3963 1352 4009 qmm
1380 3961 1516 4008 supra
1550 3943 1579 4009 §
1611 3947 1643 3991 8
1676 3945 1941 3990 invenimus.
1981 3942 2185 4005 Denique
2218 3943 2292 3991 hic
2325 3943 2587 3990 observasse
2615 3943 2806 4006 juvabit,

105 4047 513 4112 quomodocunque
545 4044 710 4095 fasciae
743 4047 834 4092 sive
868 4042 1197 4100 horizontales,
1242 4042 1336 4088 sive
1379 4039 1614 4087 verticales
1657 4040 1774 4085 inter
1807 4051 1855 4085 se
1888 4044 2220 4108 permutentur,
2273 4036 2378 4085 iude
2410 4039 2454 4084 in
2495 4038 2681 4084 summis
2716 4044 2808 4083 tam
