3080 4562
591 1153 662 1216 L.
717 1153 1011 1218 Eunmu
1061 1153 1359 1242 Operum
1408 1168 1867 1243 postumorum
1919 1158 2106 1222 Tomi
2158 1157 2185 1221 Ι
2235 1157 2460 1222 Index.

1174 1731 1861 1782 Arithmetiea.

160 1867 190 1907 l.
222 1869 440 1909 Tractatus
466 1868 516 1908 de
543 1880 811 1909 numerorum
837 1868 1027 1910 doctrina
1051 1870 1187 1922 capita
1214 1870 1326 1916 XVl,
1360 1884 1465 1923 quae
1491 1878 1719 1925 supersunt
1744 1873 1783 1924 §fi
1811 1873 1831 1911 1
1849 1894 1902 1903 —
1919 1872 2001 1912 587
2031 1902 2288 1913 ........
2378 1873 2402 1911 3
2424 1895 2469 1902 -
2489 1872 2545 1911 75

572 1961 705 2016 Caput
733 1962 770 2002 1.
800 1963 862 2002 De
889 1962 1192 2015 compositione
1219 1976 1487 2004 numerorum
1511 1967 1550 2016 ἓξ
1579 1966 1596 2004 1
1623 1988 1671 1996 -
1688 1965 1743 2005 54
1778 1996 2066 2007 .........
2125 1968 2142 2006 1
2168 1990 2214 1997 -
2236 1967 2261 2006 8

731 2055 771 2097 2.
802 2056 862 2096 De
886 2055 1142 2096 divisoribus
1168 2069 1436 2097 numerorum
1464 2060 1504 2109 ἓξ
1531 2058 1588 2098 55
1609 2081 1655 2089 —
1675 2058 1724 2098 81
1739 2089 2065 2101 ..........
2121 2059 2148 2099 8
2163 2084 2217 2091 —
2237 2061 2285 2099 11

731 2150 768 2189 3.
801 2150 861 2189 De
886 2162 1048 2190 summa
1073 2149 1302 2191 divisorum
1327 2151 1533 2205 cujusque
1561 2153 1721 2193 numeri
1749 2154 1788 2205 §§
1815 2153 1871 2193 82
1887 2178 1940 2182 —-
1959 2154 2041 2193 110
2057 2186 2067 2195 .
2097 2154 2142 2193 11
2164 2142 2217 2185 -ζ-
2239 2155 2288 2194 15

730 2243 768 2283 4.
799 2244 860 2284 De
883 2243 1068 2284 numeris
1087 2244 1198 2285 inter
1217 2258 1263 2285 se
1283 2245 1428 2299 primis
1449 2251 1491 2286 et
1510 2247 1751 2300 compositis
1770 2249 1810 2300 ἕξ
1825 2248 2066 2287 111--139
2097 2249 2148 2288 15
2169 2271 2216 2278 -
2242 2249 2291 2288 18

730 2337 768 2378 5.
799 2338 860 2378 De
885 2338 1076 2386 residuis,
1101 2352 1152 2378 ex
1178 2339 1380 2380 divisione
1407 2340 1514 2380 natis
1540 2342 1578 2392 ἓξ
1607 2340 1761 2380 140-
1778 2341 1861 2381 166
1877 2371 2063 2383 ......
2093 2342 2146 2382 18
2167 2366 2214 2373 -
2233 2343 2284 2382 21

728 2432 767 2471 6.
800 2432 859 2472 De
891 2432 1087 2480 residuis,
1125 2446 1176 2473 ex
1208 2433 1410 2474 divisione
1448 2435 1725 2475 terminorum
1757 2435 2064 2489 progressionis

797 2525 1083 2567 arithmeticae
1110 2527 1212 2568 ortis
1237 2528 1276 2579 ἓξ
1305 2527 1387 2567 167
1404 2550 1459 2558 -
1480 2528 1556 2567 191
1593 2559 2063 2571 ..............
2089 2530 2141 2569 21
2165 2553 2213 2562 -
2231 2531 2286 2570 23

726 2621 765 2659 7.
796 2620 856 2660 De
889 2620 1086 2668 residuis,
1124 2633 1177 2660 ex
1207 2602 1410 2662 divisione
1441 2622 1715 2663 terminorum
1754 2623 2060 2676 progressionis

794 2713 1071 2766 geometricae
1098 2715 1201 2754 ortis
1226 2716 1266 2767 ξς
1297 2706 1378 2754 192
1394 2738 1448 2746 -
1469 2715 1553 2755 242
1557 2746 2062 2758 ...............
2088 2716 2142 2756 23
2164 2739 2211 2747 -
2230 2717 2285 2756 30

726 2806 765 2847 8.
795 2807 857 2847 De
891 2808 1164 2859 potestatibus
1195 2821 1485 2857 numerorum,
1516 2822 1622 2862 quae
1654 2823 1730 2862 per
1755 2823 1954 2851 numeros
1980 2811 2063 2863 pri·

798 2913 889 2940 mos
915 2901 1089 2949 divisae,
1116 2901 1316 2942 unitatem
1342 2902 1584 2956 relinquunt
1608 2905 1647 2955 ἓξ
1676 2903 1760 2943 243
1781 2926 1828 2934 -
1847 2903 1931 2943 263
1947 2933 1957 2943 .
1982 2935 1992 2945 .
2019 2936 2028 2944 .
2055 2933 2064 2942 .
2091 2903 2145 2943 30
2166 2926 2211 2933 -
2233 2904 2287 2943 32

726 2994 766 3035 9.
797 2994 857 3034 De
894 2994 1148 3034 divisoribus
1185 3008 1454 3036 numerorum
1491 2996 1653 3037 formae
1690 2993 1878 3039 a'⁸‡b”
1911 2998 1950 3050 ἓξ
1976 2997 2060 3036 264

799 3108 847 3119 -
868 3086 954 3128 283
987 3117 2061 3132 ...............................
2087 3090 2142 3130 33
2159 3114 2211 3121 --
2229 3091 2284 3131 35

696 3181 763 3222 10.
793 3181 855 3221 De
887 3180 1084 3229 residuis,
1116 3194 1169 3222 ex
1198 3181 1403 3223 divisione
1435 3184 1733 3236 quadratorum
1762 3197 1837 3236 per
1862 3196 2061 3224 numeros

794 3275 954 3326 primos
981 3275 1086 3316 ortis
1110 3277 1150 3328 §5
1176 3275 1261 3316 284
1282 3300 1328 3308 -
1349 3277 1433 3316 370
1444 3306 2058 3319 ..................
2085 3277 2140 3317 35
2155 3301 2211 3307 -
2228 3277 2282 3316 46

694 3367 762 3409 11.
792 3369 850 3408 De
877 3368 1076 3417 residuis,
1107 3382 1159 3410 ex
1188 3369 1390 3411 divisione
1416 3371 1618 3411 cuborum
1643 3384 1722 3425 per
1747 3384 1944 3412 numeros
1970 3371 2056 3425 pri-

793 3474 883 3502 mos
909 3462 1016 3502 natis
1041 3464 1082 3514 ἓξ
1109 3463 1264 3502 371-
1280 3462 1360 3503 411
1380 3493 2061 3506 ....................
2088 3464 2143 3503 46
2163 3487 2208 3495 -
2229 3464 2284 3504 52

693 3553 760 3594 12.
790 3554 852 3595 De
871 3555 1065 3603 residuis,
1090 3568 1142 3596 ex
1166 3556 1369 3597 divisione
1394 3558 1738 3610 biquadratorum
1763 3571 1840 3611 per
1858 3570 2055 3598 numeros
2176 3555 2184 3559 “

790 3634 947 3700 primos
971 3648 1077 3689 ortis
1102 3650 1142 3701 ες
1168 3648 1254 3688 Μ2
1267 3673 1324 3680 -
1339 3650 1427 3690 462
1442 3680 2052 3693 ..................
2080 3650 2136 3690 52
2153 3673 2205 3678 -
2222 3649 2276 3689 58

694 3739 760 3779 13.
790 3739 849 3780 De
875 3740 1077 3789 residuis,
1106 3754 1157 3782 ex
1187 3742 1391 3783 divisione
1422 3743 1783 3784 surdesolidorum
1809 3756 1885 3796 per
1910 3756 2053 3783 nume-

792 3846 862 3874 ros
887 3834 1044 3887 primos
1069 3835 1174 3875 ortis
1198 3837 1238 3887 ξς
1265 3835 1350 3875 463
1367 3860 1420 3866 —-
1437 3837 1518 3877 501
1549 3865 2052 3879 ...............
2078 3835 2134 3875 58
2152 3860 2202 3865 -
2221 3834 2275 3874 64

692 3927 758 3967 14.
791 3928 851 3967 De
876 3927 1074 3975 residuis,
1105 3941 1157 3968 ex
1187 3928 1389 3969 divisione
1421 3930 1715 3982 quadratorum
1747 3942 1824 3982 per
1854 3941 2051 3969 numeros

791 4019 1042 4073 compositos
1066 4020 1170 4061 ortis
1195 4021 1234 4072 ξς
1260 4020 1346 4061 502
1364 4045 1412 4053 -
1431 4021 1516 4061 540
1542 4051 2047 4064 ...............
2073 4020 2128 4060 65
2149 4043 2196 4052 -
2215 4020 2270 4059 69
