3080 4562
1015 335 1219 388 Litterae
1254 336 1320 388 ad
1357 337 1441 389 cel.
1483 336 1739 407 laqranqe
1775 339 1928 391 datae.
1959 384 1962 386 .
2698 345 2806 398 555

418 509 470 555 C.
543 487 846 554 Octodecim
882 505 1092 553 litterae
1127 506 1185 553 ad
1225 505 1329 553 Cel.
1370 507 1635 568 Lagrange
1672 505 1819 553 datae
1856 507 2005 554 annis
2048 509 2198 555 1755
2236 509 2296 556 ad
2339 511 2506 559 1775.

1448 670 1511 711 1.»

685 820 759 866 vir
794 821 1121 879 praestantissime
1159 827 1274 879 atque
1311 818 1673 865 Excellentissime.

229 985 423 1027 Perlectis
462 986 540 1028 tuis
575 986 791 1039 postremis
827 985 984 1034 litteris,
1022 985 1173 1038 quibus
1209 984 1410 1026 theoriam
1446 984 1715 1024 maximorum
1752 996 1800 1024 ac
1835 983 2096 1025 minimorum
2124 986 2175 1026 ad
2203 999 2409 1030 summum
2436 990 2521 1032 sere
2551 992 2808 1045 perfectionis

118 1070 323 1126 fastigium
358 1070 536 1111 erexisse
573 1068 743 1117 videris,
780 1068 969 1110 eximiam
1003 1068 1152 1122 ingenii
1190 1068 1250 1109 tui
1286 1067 1543 1121 sagacitatem
1580 1067 1681 1108 satis
1717 1067 1920 1107 admirari
1945 1062 2024 1108 non
2054 1081 2238 1121 possum.
2288 1070 2389 1112 Cum
2418 1074 2527 1115 enim
2562 1087 2641 1115 non
2678 1075 2810 1115 solum

117 1156 159 1197 in
189 1161 359 1197 tractatu
390 1168 481 1196 meo
513 1154 563 1195 de
593 1154 671 1194 hoc
700 1160 940 1207 argumento
970 1153 1208 1194 methodum
1237 1166 1349 1193 mere
1379 1152 1627 1220 analyticam
1648 1151 2002 1206 desideravissem‚
2031 1166 2110 1206 qua
2139 1153 2303 1208 regulae
2323 1155 2379 1196 ibi
2400 1158 2570 1199 traditae
2599 1159 2689 1199 erui
2716 1172 2810 1212 pos·

115 1246 224 1289 sent,
254 1240 329 1281 sed
359 1240 479 1281 etiam
507 1238 699 1292 deinceps
728 1251 809 1278 non
839 1251 984 1291 parum
1014 1237 1140 1278 studii
1170 1238 1208 1277 in
1230 1237 1465 1292 hujusmodi
1487 1236 1678 1278 methodo
1701 1237 1923 1292 detegenda
1943 1239 2299 1292 consumpsissem,
2329 1242 2506 1283 maximo
2535 1256 2634 1283 sane
2663 1243 2810 1297 gaudio

116 1338 182 1366 me
210 1325 402 1374 affecisti,
431 1325 540 1378 quod
571 1330 663 1365 tuos
692 1322 1035 1378 profundissimas
1064 1336 1194 1376 aeque
1223 1335 1270 1363 ac
1299 1322 1567 1363 solidissimas
1595 1322 1876 1363 meditationes
1897 1336 2024 1376 super
2044 1322 2108 1363 his
2139 1324 2265 1365 rebus
2285 1339 2444 1366 mecum
2472 1327 2671 1368 benevole
2701 1341 2809 1368 com-

115 1409 323 1451 municare
353 1390 838 1462 voluisti„r1uamohrem
868 1408 943 1450 tihi
971 1422 1038 1449 me
1066 1409 1241 1449 maxime
1271 1408 1510 1450 obstrictum
1538 1422 1729 1463 agnosco.
1779 1407 1921 1449 Statim
1955 1414 2093 1450 autem
2123 1411 2303 1464 perspixi
2331 1411 2514 1466 analysin
2545 1418 2673 1460 tuam,
2704 1426 2809 1466 quae

115 1508 226 1536 meas
255 1493 491 1550 hujusmodi
520 1493 820 1548 problematum
841 1493 1067 1534 solutiones
1099 1507 1173 1547 per
1202 1493 1289 1534 sola
1318 1493 1533 1547 analyseos
1562 1499 1778 1550 praecepta
1806 1492 1991 1544 elicuisti,
2023 1494 2152 1536 multo
2181 1495 2302 1536 latius
2329 1502 2468 1550 patere
2497 1510 2587 1538 mea
2616 1497 2811 1538 methodo

113 1579 219 1622 ideis
247 1579 502 1635 geometricis
531 1579 682 1620 innixa.
732 1578 775 1618 [n
807 1578 996 1620 universa
1027 1579 1141 1620 enim
1176 1578 1282 1620 serie
1314 1578 1500 1620 valorum
1535 1579 1667 1633 ipsius
1694 1594 1732 1633 y,
1763 1579 1836 1633 qui
1864 1579 2036 1634 singulis
2071 1580 2280 1621 valoribus
2315 1581 2445 1635 ipsius
2481 1596 2513 1623 x
2544 1583 2809 1637 respondent,

115 1665 246 1707 donec
274 1680 306 1707 a:
337 1666 430 1708 dato
458 1665 587 1713 ,valori
616 1679 642 1705 a
670 1670 890 1718 aequetur,
920 1678 995 1719 ego
1014 1665 1181 1706 unicum
1203 1664 1384 1706 valorem
1413 1665 1540 1718 ipsius
1568 1679 1594 1718 y
1623 1665 1714 1706 data
1737 1666 1914 1719 quadam
1943 1665 2143 1719 particula
2172 1665 2221 1719 dy
2249 1667 2389 1720 augeri
2419 1668 2604 1721 concepi,
2633 1668 2809 1722 indeque

115 1749 414 1792 incrementum
443 1751 484 1791 in
518 1750 697 1792 formula
726 1750 914 1804 integrali
927 1747 1061 1810 szdx
1091 1757 1229 1792 ortum
1256 1750 1515 1805 investigavi,
1547 1750 1647 1790 dum
1675 1757 1738 1800 tu,
1763 1750 1837 1791 Vir
1866 1751 2108 1800 clarissime,
2137 1751 2321 1806 singulos
2350 1752 2510 1793 valores
2539 1754 2669 1807 ipsius
2697 1768 2723 1807 y
2750 1754 2810 1794 in·

113 1843 322 1879 crementa
357 1836 406 1890 dy
441 1850 586 1891 capere
620 1837 814 1892 assumis,
852 1850 976 1890 quam
1011 1837 1064 1878 ob
1099 1850 1282 1885 causam,
1319 1850 1401 1877 non
1438 1836 1580 1877 dubito
1620 1837 1718 1890 quin
1755 1843 1827 1878 tua
1849 1837 2058 1898 *analysis‚
2089 1837 2124 1877 si
2154 1838 2315 1891 penitus
2344 1838 2570 1888 excolatur,
2601 1839 2652 1879 ad
2681 1838 2810 1880 multo

116 1922 380 1978 profundiora
413 1936 510 1963 mox
544 1922 596 1963 sit
634 1921 893 1976 perductura.
944 1922 1066 1977 Cujus
1105 1922 1271 1976 quidem
1310 1922 1579 1976 praestantiae
1609 1922 1695 1977 jam
1731 1922 1878 1963 eximia
1917 1922 2103 1976 exempla
2140 1935 2164 1963 a
2201 1929 2242 1964 te
2277 1923 2452 1965 feliciter
2486 1924 2670 1965 confecta
2704 1925 2812 1966 circa

115 2007 244 2049 lineas
270 2008 453 2049 citissimi
481 2007 679 2067 appulsus
709 2008 762 2048 ad
783 2008 919 2048 datam
946 2008 1116 2057 lineam,
1147 2008 1251 2061 quin
1275 2008 1397 2049 etiam
1420 2008 1471 2049 de
1501 2007 1694 2048 methodo
1715 2007 1988 2048 maximorum
2014 2008 2066 2048 ad
2085 2007 2325 2062 superficies
2346 2008 2546 2062 applicata
2566 2022 2810 2050 commemo-

115 2106 195 2142 ras,
218 2106 323 2147 quae
342 2093 476 2134 omnia
496 2098 542 2134 ut
560 2093 788 2134 accuratius
809 2093 1070 2147 persequaris
1090 2093 1213 2134 etiam
1233 2099 1356 2147 atque
1376 2093 1498 2134 etiam
1528 2099 1568 2134 te
1598 2085 1711 2147 rogo.
1742 2093 1833 2134 Mea
1863 2093 2029 2147 quidem
2049 2092 2243 2134 methodo
2264 2108 2380 2144 usus,
2409 2094 2548 2148 plures
2577 2093 2811 2150 hujusmodi

115 2179 378 2233 quaestiones
413 2178 520 2219 circa
555 2178 796 2233 superficies
835 2179 1076 2233 pertractavi
1112 2179 1155 2219 in
1189 2179 1357 2219 scientia
1393 2178 1547 2228 navali,
1584 2191 1691 2232 quae
1726 2178 1888 2220 duobus
1918 2178 2193 2219 voluminibus
2226 2179 2267 2219 in
2298 2178 2355 2219 14¹⁰
2383 2179 2592 2233 Petropoli
2620 2179 2810 2233 pluribus

113 2264 262 2307 abhinc
290 2264 406 2305 annis
435 2264 598 2318 prodiit.
647 2263 767 2312 Quod
797 2271 934 2305 autem
961 2264 1013 2304 ad
1045 2270 1156 2305 tuam
1187 2263 1446 2312 methodum,
1484 2276 1566 2317 qua
1595 2263 1772 2320 singulis
1806 2263 2018 2317 applicatis
2048 2278 2073 2317 y
2101 2264 2351 2305 incrementa
2380 2263 2429 2317 dy
2457 2264 2621 2313 tribuis,
2650 2264 2810 2313 attinet,

25 2338 40 2366 ⁵
112 2355 332 2404 antequam
359 2349 438 2390 hoc
465 2349 612 2403 ipsum,
643 2349 753 2403 quod
785 2362 865 2390 non
896 2355 1036 2403 aperte
1070 2349 1241 2400 indicas,
1272 2348 1557 2397 animadverti,
1595 2348 1647 2389 de
1676 2362 1879 2390 consensu
1908 2354 2072 2390 tuarum
2100 2348 2370 2390 formularum
2398 2363 2491 2390 cum
2519 2350 2621 2391 meis
2651 2349 2810 2391 dubita·

116 2448 269 2477 veram.
317 2435 368 2476 Ut
396 2435 505 2476 enim
518 2430 651 2493 szdoe
680 2434 750 2476 fiat
778 2435 999 2475 maximum
1028 2434 1245 2476 existente:

759 2562 784 2584 ο
1058 2556 1107 2595 az
1121 2571 1178 2591 =
1188 2541 1281 2606 ‘Ndy
1296 2566 1353 2596 -ι-
1366 2550 1476 2606 Pd²y
1489 2566 1548 2595 -ι-
1564 2550 1671 2607 Qd³y
1683 2566 1742 2596 -ι-
1757 2583 1882 2596 .....

118 2675 201 2727 (uhi
239 2675 407 2730 quidem
440 2687 517 2729 pro
552 2673 608 2716 δω
643 2674 842 2716 unitatem
877 2674 1015 2728 ponis,
1050 2687 1132 2715 non
1167 2687 1244 2729 pro
1277 2686 1331 2722 x,
1366 2673 1424 2714 uti
1459 2673 1564 2714 forte
1604 2673 1724 2727 lapsu
1756 2672 1900 2715 calami
1935 2671 2087 2730 notas),
2123 2686 2292 2715 necesse
2323 2679 2405 2724 est,
2440 2680 2487 2716 ut
2521 2680 2594 2716 tuo
2621 2674 2808 2730 signandi

113 2773 228 2802 more
255 2761 310 2801 sit

1149 2812 1310 2874 dszdoe,
1367 2828 1443 2856 seu
1485 2811 1642 2873 sdzdx
1656 2832 1714 2852 =
1727 2815 1769 2858 0.

112 2927 164 2965 At
192 2936 290 2965 vero
320 2923 495 2972 invenis,
524 2923 714 2977 ponendo
743 2928 879 2964 tecum
911 2924 930 2963 1
965 2935 1039 2976 pro
1069 2920 1143 2962 dx:

454 3003 1196 3088 asz=s(N-aP÷a²Q-a³s
1223 3028 1318 3080 etc.)
1349 3024 2319 3091 6y†(1{—dQ÷d²R)6y÷(Q—dlae)d3y
2375 3032 2455 3067 etc.

111 3148 220 3191 unde
248 3149 458 3191 concludis
488 3163 580 3191 esse
611 3150 762 3191 dehere

1134 3214 1788 3270 N-—dP—i-d2Q—d'R=0.

113 3324 216 3366 Cum
245 3331 377 3367 tamen
407 3331 550 3367 natura
580 3325 850 3367 maximorum
879 3330 1035 3368 tantum
1064 3325 1264 3380 postulet,
1294 3330 1339 3366 ut
1367 3323 1435 3365 sit:

991 3437 1163 3501 s(N—
1181 3423 1315 3484 dP-s-
1329 3439 1486 3492 ‹1²0-
1499 3437 1583 3482 ‹1³1ae
1611 3441 1703 3492 etc.)
1733 3438 1856 3492 dy:
1869 3440 1910 3482 0.

19 3563 29 3604 j
79 3595 81 3598 Α
114 3552 267 3593 Verum
297 3559 513 3606 perspecta
542 3553 842 3608 amplitudine.·
864 3584 1043 3597 ......
1071 3555 1109 3596 si
1138 3555 1281 3596 unicae
1309 3554 1537 3608 applicatae
1571 3568 1598 3607 y
1631 3554 1840 3595 inm-emen
1861 3579 2076 3595 .......
2096 3546 2148 3609 f
2147 3552 2203 3602 (N
2215 3572 2264 3583 -
2282 3547 2514 3601 dP÷d²Q
2527 3549 2657 3604 —)6y
2692 3549 2796 3591 alius

28 3671 34 3678 ,,
112 3637 178 3678 val
206 3669 217 3679 .
238 3667 250 3679 .
272 3668 285 3680 .
306 3657 322 3679 .’
340 3667 351 3678 .
372 3669 383 3679 .
405 3668 417 3679 .
449 3646 586 3692 partes
616 3640 667 3692 (P
680 3662 735 3672 —
750 3640 884 3691 dQ-s-
897 3637 996 3696 (PR)
1011 3639 1062 3694 &y
1075 3652 1135 3683 -ι-
1148 3641 1203 3693 (Q
1229 3669 1440 3683 .......
1475 3653 1508 3681 ω
1521 3652 1618 3680 =a
1650 3639 1888 3680 referuntur
1920 3648 2164 3678 evanescere
2174 3664 2431 3684 ........
2466 3648 2612 3676 sensus
2649 3634 2797 3689 depre-

32 3735 38 3742 ”
110 3722 325 3765 hendatur.

225 3806 500 3848 Vehementer
528 3808 651 3849 etiam
679 3814 721 3850 te
747 3816 870 3863 rogo,
898 3807 974 3850 Vir
1002 3808 1248 3859 clarissime,
1275 3814 1321 3850 ut
1346 3807 1447 3849 mihi
1476 3808 1682 3863 ignoscas,
1711 3807 1822 3862 quod
1851 3807 1903 3850 ad
1932 3814 2025 3850 tuos
2053 3806 2210 3861 priores
2241 3804 2398 3846 litteras
2425 3817 2468 3845 m
2487 3833 2668 3846 ......
2688 3816 2798 3845 com·

44 3922 47 3926 .
113 3892 310 3933 mercium
345 3898 508 3934 nostrae
542 3894 656 3935 urhis
690 3908 784 3935 cum
818 3894 933 3935 ltalia
963 3923 1182 3936 .......
1218 3900 1264 3936 ut
1292 3894 1368 3935 nisi
1399 3906 1473 3947 per
1499 3899 1749 3934 mercatores
1772 3898 2082 3950 promoveatur,
2112 3904 2191 3931 non
2222 3920 2435 3932 .......
2466 3889 2607 3944 possit.
2658 3887 2795 3936 Quare

45 3971 48 3975 ’
113 3977 209 4015 cum
235 3975 334 4015 mihi
358 3976 443 4030 jam
470 3982 740 4018 mercatorem
769 3980 887 4018 tuum
915 3977 1177 4051 indicaveris,
1207 3977 1283 4018 has
1310 3976 1470 4017 litteras
1497 3976 1548 4016 ad
1577 3988 1673 4016 eum
1704 3987 1780 4031 per
1807 3976 2071 4016 mercatorem
2102 3973 2266 4015 mittens
2293 3985 2426 4037 rogo,

2427 3969 2793 4156 ,m

48 4047 50 4049 ’
112 4064 225 4099 tuam
254 4060 580 4113 responsionem,
609 4070 692 4116 qua
720 4062 825 4103 sorte
856 4075 921 4103 me
951 4061 1154 4103 honorare
1181 4061 1379 4103 volueris.
1407 4073 1487 4115 per
1512 4065 1630 4102 tuum
1657 4066 1922 4103 mercatorem
1949 4061 2113 4103 mittero
2140 4059 2302 4101 vellen.
