3080 4562
281 333 349 386 86
715 306 717 309 ’
1075 330 1131 382 L.
1174 327 1467 382 EULEm
1508 328 1732 382 OPERA
1771 329 2159 385 PosTHUMA.
2714 351 2973 394 mamea-ca.

278 479 553 542 temporibus
578 479 808 525 Lutheri
836 478 958 522 vixit.
994 476 1090 531 Hic,
1125 483 1179 521 ut
1205 477 1428 537 specimen
1452 476 1693 537 singularis
1718 476 1949 535 analyseos
1974 473 2169 534 afferret,
2197 479 2270 523 cui
2298 478 2539 526 enodando
2566 483 2818 527 communia
2844 480 2972 543 alge-

278 574 382 619 brae
416 579 648 635 praecepta
674 586 764 617 non
792 566 1077 625 sufficerent,
1110 571 1384 621 mentionem
1410 567 1515 616 fecit
1541 569 1852 631 problematis,
1887 586 1976 632 quo
2003 569 2094 617 duo
2121 572 2294 616 numeri
2324 572 2384 618 ita
2410 569 2560 619 affecti
2586 580 2883 635 quaeruntur,
2920 581 2971 621 ut

279 680 431 711 omnes
465 671 612 726 partes
643 664 865 724 aliquotae
902 664 1086 709 minoris
1119 664 1315 719 numeri,
1360 664 1493 710 simul
1528 670 1725 721 sumtae,
1762 664 1973 727 majorem
2008 679 2267 720 numerum,
2320 680 2373 711 ac
2407 667 2600 712 vicissim
2636 682 2792 714 omnes
2825 673 2972 730 partes

279 760 500 820 aliquotae
533 757 714 819 majoris
749 758 944 813 numeri,
980 756 1112 803 simul
1146 763 1340 814 sumtae,
1374 759 1593 804 minorem
1627 773 1860 804 numerum
1894 757 2169 820 producant;
2204 758 2404 820 talesque
2438 774 2647 807 numeros
2681 762 2851 807 invenit
2875 762 2971 808 220

276 860 321 897 et
365 853 473 897 281».
546 850 828 898 Cartesius
862 853 994 896 etiam
1029 849 1119 897 hoc
1162 851 1389 913 problema
1431 851 1622 914 dignum
1655 851 1899 914 judicavit,
1952 853 1999 897 in
2033 867 2123 913 quo
2156 851 2375 899 solvendo
2419 855 2536 899 vires
2570 868 2672 900 suas
2704 855 2968 916 exploraret,

276 947 474 1007 aliosque
509 947 690 1007 insuper
722 943 984 1007 hujusmodi
1018 959 1227 990 numeros
1255 944 1423 1000 elicuit,
1458 947 1534 1006 qui
1561 946 1642 991 ista
1668 947 1941 1007 proprietate
1965 944 2242 1007 gauderent:
2276 953 2411 1009 atque
2437 947 2641 1007 regulam
2668 948 2970 1009 investigavit,

276 1040 404 1102 cujus
455 1054 539 1101 ope
588 1039 739 1101 plures
780 1037 1033 1084 istiusmodi
1075 1039 1249 1084 numeri
1291 1040 1475 1100 reperiri
1520 1046 1734 1100 possunt,
1781 1053 1914 1100 quam
1957 1037 2293 1085 Schotenius
2328 1042 2372 1086 in
2406 1040 2762 1087 Exercitionibus
2796 1040 2972 1087 mathe-

276 1135 448 1179 maticis
498 1135 718 1196 exposuit.
786 1132 941 1194 Neque
993 1146 1100 1178 vero
1154 1131 1267 1178 haec
1310 1134 1469 1195 regula
1511 1139 1582 1179 est
1622 1132 1866 1194 generalis,
1917 1148 2062 1194 neque
2105 1134 2255 1195 plures
2288 1149 2422 1195 quam
2458 1140 2550 1180 tres
2585 1135 2829 1181 solutiones
2862 1149 2972 1198 sup-

277 1226 477 1289 peditare
512 1227 643 1273 valet.

406 1319 434 1384 §
470 1323 512 1367 3.
581 1320 779 1367 Pertinet
828 1322 968 1381 igitur
1014 1320 1127 1367 haec
1168 1323 1368 1382 quaestio
1410 1320 1470 1368 ad
1509 1320 1556 1368 id
1589 1337 1753 1383 genus,
1807 1321 1930 1385 quod
1963 1323 2009 1368 in
2037 1320 2415 1384 contemplatione
2451 1323 2642 1384 partium
2677 1322 2972 1384 aliquotamm

277 1423 499 1468 versatum
536 1430 647 1476 quae
685 1415 891 1461 doctrina
925 1430 1028 1461 cum
1063 1430 1089 1461 a
1122 1423 1283 1462 natura
1320 1418 1622 1478 quantitatum
1657 1418 1995 1474 continuarum,
2031 1415 2089 1462 ad
2122 1432 2232 1479 quas
2265 1417 2456 1477 analysis
2488 1418 2663 1479 proprie
2697 1423 2766 1462 est
2788 1430 2972 1463 accom-

275 1508 475 1566 modata,
528 1509 767 1570 plurimum
802 1509 1061 1566 abhorreat,
1115 1525 1296 1571 prorsus
1329 1511 1546 1571 singulari
1579 1510 1717 1558 modo
1750 1513 1932 1557 tractari
1969 1510 2123 1579 debet,
2159 1513 2241 1557 nisi
2278 1510 2498 1557 tentando
2531 1511 2800 1558 solutionem
2835 1524 2972 1571 expe-

273 1603 368 1652 dire
412 1602 614 1649 velimus.
684 1603 948 1664 Quanquam
986 1611 1139 1650 autem
1180 1602 1519 1651 Schotenius
1559 1603 1618 1651 ad
1649 1604 1906 1668 hujusmodi
1950 1605 2225 1668 problemata
2259 1604 2475 1668 solvenda
2510 1612 2676 1651 certam
2710 1602 2971 1651 methodum
3043 1608 3046 1611 “

272 1697 355 1743 sibi
390 1698 673 1759 proposuisse
711 1695 906 1753 videtur,
961 1697 1069 1745 dum
1105 1714 1234 1746 usum
1267 1698 1429 1745 calculi
1464 1699 1673 1759 analytici
1707 1698 1994 1746 introducere
2029 1706 2098 1745 est
2131 1706 2342 1755 conatus,
2391 1705 2543 1745 tamen
2582 1700 2618 1745 si
2655 1699 2752 1762 ejus
2784 1698 2975 1755 rationi-5

273 1792 395 1837 nium
429 1792 643 1836 attentius
679 1792 987 1851 inspiciamus,
1023 1795 1258 1855 praecipua
1292 1793 1530 1839 solutionis
1565 1808 1666 1855 pars
1700 1794 1746 1839 in
1780 1808 1897 1839 mera
1932 1785 2184 1840 tentatione
2219 1795 2446 1851 consistit,
2481 1799 2614 1855 atque
2650 1793 2772 1839 omni
2804 1789 2972 1839 funda—.-

273 1892 425 1931 mento
460 1883 738 1931 destituitur.
807 1884 995 1931 Temere
1032 1888 1151 1932 enim
1185 1901 1265 1948 pro
1298 1885 1559 1949 hujusmodi
1592 1889 1788 1933 numeris
1825 1894 1970 1933 certas
2004 1889 2191 1934 assumit
2222 1885 2457 1944 formulas,
2495 1890 2539 1932 in
2565 1887 2729 1948 quibus
2754 1900 2970 1933 numeros

273 1979 461 2026 idoneos
493 1980 712 2025 contineri
745 1980 1019 2040 suspicatur,
1055 1995 1158 2027 cum
1192 1987 1344 2027 tamen
1377 1981 1538 2028 eodem
1567 1981 1674 2044 jure
1710 1983 1888 2042 quasvis
1922 1983 2032 2029 alias
2058 1996 2283 2028 assumere
2310 1983 2547 2043 potuisset:
2582 1988 2716 2042 atque
2742 1981 2788 2026 in
2809 1978 2969 2028 harum

271 2076 464 2135 ipsarum
513 2070 808 2120 formularum
859 2074 1118 2121 evolutione
1168 2075 1408 2137 plurimum
1457 2077 1581 2122 casui
1625 2082 1671 2122 et
1712 2073 1921 2122 fortunae
1967 2076 2203 2122 tribuitur:
2255 2074 2375 2121 unde
2418 2072 2704 2122 Stifelium
2744 2074 2968 2122 immerito

272 2165 581 2228 reprehendit,
633 2166 756 2227 quod
788 2169 1041 2228 putaverit,
1077 2168 1344 2215 solutionem
1379 2168 1641 2231 hujusmodi
1677 2170 2001 2231 problematum
2035 2172 2081 2215 in
2118 2177 2240 2216 certa
2276 2168 2492 2216 methodo
2522 2167 2844 2230 comprehendi
2877 2182 2971 2215 non

272 2276 416 2322 posse.
487 2259 603 2315 Quin
654 2261 803 2321 potius
850 2262 989 2322 igitur
1039 2264 1125 2308 erit
1164 2259 1420 2321 fatendum,
1474 2278 1571 2309 eam
1612 2264 1842 2323 analyseos
1883 2271 2080 2326 partem,
2108 2238 2244 2326 ¹quae
2278 2265 2324 2309 in
2357 2264 2634 2309 scrutatione
2669 2264 2968 2324 quantitatum

272 2355 566 2401 discretarum
602 2362 828 2411 versatur,
876 2357 1061 2402 maxime
1095 2355 1247 2402 adhuc
1281 2372 1376 2403 esse
1410 2356 1755 2419 imperfectam,'
1793 2365 2003 2420 certaque
2040 2359 2275 2420 principia,
2315 2355 2496 2418 -2quibus
2536 2372 2590 2406 ea
2620 2342 2968 2418 superstruatur,

271 2450 405 2495 etiam
457 2464 577 2495 nunc
627 2447 886 2495 desiderari.
952 2450 1104 2512 Atque
1157 2451 1214 2497 ob
1264 2451 1386 2497 hunc
1437 2453 1582 2512 ipsum
1634 2453 1950 2514 principiorum
2001 2449 2229 2499 defectum
2279 2451 2337 2498 ad
2386 2449 2644 2514 hujusmodi
2694 2449 2971 2511 problemata

272 2544 495 2589 numerica
545 2541 813 2589 resolvenda
854 2543 1094 2605 plurimum
1135 2545 1343 2592 solertiae
1387 2552 1433 2591 et
1474 2547 1772 2607 perspicaciae
1805 2524 2071 2608 requiritur:
2122 2553 2169 2592 et
2202 2547 2466 2608 plerumque
2499 2544 2716 2606 singulari
2746 2543 2968 2590 ratiocinii

272 2651 434 2697 genere
489 2652 603 2698 opus
653 2642 744 2694 est,
797 2639 842 2682 in
891 2653 980 2699 quo
1031 2640 1217 2684 maxima
1260 2640 1430 2700 ingenii
1474 2641 1539 2685 vis
1581 2642 1792 2686 cernitur.
1864 2640 2076 2702 Hancque
2116 2641 2175 2687 ob
2218 2655 2418 2696 causam,
2473 2639 2644 2684 etiamsi
2679 2639 2769 2700 ipsa
2804 2637 2984 2696 horum·

272 2730 596 2790 problematum
631 2730 794 2777 solutio
828 2732 874 2776 in
908 2732 1075 2791 analysi
1106 2746 1263 2793 parum
1296 2734 1504 2779 utilitatis
1537 2733 1703 2779 habere
1737 2732 1964 2790 videatur,
2018 2741 2170 2779 tamen
2204 2732 2467 2789 methodus,
2508 2747 2594 2793 qua
2628 2738 2697 2778 tot
2730 2737 2970 2792 tantaeque

273 2818 567 2869 difficultates
609 2830 898 2885 superantur,
947 2821 1062 2870 fines
1103 2826 1332 2885 analyseos
1378 2841 1470 2873 non
1503 2826 1792 2874 mediocriter
1825 2842 2091 2888 promovere
2126 2834 2195 2873 est
2226 2825 2465 2873 censenda.
2535 2825 2635 2881 Quo
2667 2824 2819 2886 plures
2853 2825 2968 2870 enim

272 2916 471 2962 diversae
507 2919 602 2963 viae
638 2916 694 2963 ad
727 2919 965 2963 veritatem
998 2917 1295 2980 indagandam
1330 2921 1614 2982 aperiuntur,
1666 2936 1721 2968 eo
1765 2923 1930 2985 majora
1964 2913 2237 2967 incrementa
2273 2922 2364 2983 ipsa
2406 2935 2479 2966 ars
2512 2917 2765 2965 inveniendi
2799 2909 2968 2980 cepisse

274 3017 342 3054 est
377 3011 680 3057 existimanda.
1014 3070 1019 3073 μ

404 3101 432 3165 §
469 3107 511 3148 li.
582 3104 967 3160 Quemadmodum
1012 3110 1056 3152 in
1098 3110 1304 3154 universa
1328 3108 1511 3168 ‘analysi
1555 3124 1663 3156 usus
1697 3107 1962 3157 idoneorum
1998 3110 2230 3170 signorum
2267 3108 2508 3170 plurimum
2541 3107 2682 3163 valet,
2742 3108 2801 3152 ita
2836 3106 2968 3152 etiam

273 3202 316 3244 in
351 3198 440 3245 hoc
477 3213 665 3259 genere,
718 3198 841 3260 quod
876 3202 995 3246 circa
1028 3200 1247 3248 divisores
1281 3210 1327 3248 et
1360 3210 1508 3264 partes
1541 3203 1762 3265 aliquotas
1795 3217 2087 3249 numerorum
2119 3204 2390 3257 instituitur,
2443 3216 2533 3247 non
2573 3215 2727 3262 parum
2761 3199 2970 3246 utilitatis

272 3308 294 3337 a
331 3291 567 3338 commoda
602 3291 869 3353 designandi
904 3295 1076 3341 ratione
1109 3296 1195 3340 erit
1228 3295 1589 3357 exspectandum.
1657 3296 1878 3344 Numeros
1914 3298 2074 3357 igitur,
2119 3311 2230 3357 quos
2264 3295 2340 3342 hic
2374 3296 2449 3341 vel
2485 3295 2862 3356 contemplamur,
2896 3292 2966 3338 vel

272 3387 543 3446 quaerimus,
594 3387 755 3431 litteris
789 3386 1015 3448 alphabeti
1049 3390 1314 3435 minusculis
1348 3388 1581 3447 indicabo,
1634 3389 1792 3436 litteris
1837 3405 1941 3436 vero
1977 3390 2235 3452 majusculis
2271 3395 2371 3435 utar
2403 3387 2460 3434 ad
2493 3402 2688 3434 summas
2722 3385 2967 3432 divisorum

271 3493 425 3525 eorum
475 3494 786 3533 numerorum,
836 3482 913 3541 qui
963 3482 1338 3543 respondentibus
1389 3484 1651 3530 minusculis
1701 3484 1995 3540 exhibentur,
2048 3482 2457 3546 repraesentandas.
2529 3482 2594 3528 lta
2635 3482 2670 3526 si
2713 3495 2743 3526 a
2782 3479 2968 3526 denotet

275 3586 509 3617 numerum
552 3588 863 3636 quemcunque
907 3576 1133 3635 integrum
1168 3584 1213 3622 et
1245 3574 1588 3633 affirmativum,
1641 3577 1895 3640 cujusmodi
1931 3592 2139 3623 numeros
2172 3579 2219 3623 in
2253 3577 2339 3623 hoc
2373 3578 2560 3638 negotio
2594 3587 2769 3634 semper
2800 3572 2968 3627 intelli-

275 3679 380 3723 gere
415 3673 615 3725 oportet,
668 3667 816 3714 littera
854 3668 1095 3730 majuscula
1133 3672 1406 3733 respondens
1440 3670 1496 3719 Α-
1518 3671 1733 3718 indicabit
1764 3685 1980 3717 summam
2015 3673 2212 3717 omnium
2250 3671 2499 3718 divisorum
2535 3664 2707 3714 numeri
2739 3681 2781 3712 a.
2823 3665 2966 3725 Simili

276 3754 409 3801 modo
460 3756 635 3802 litterae
679 3759 741 3815 B,
789 3762 842 3817 C,
888 3761 953 3816 D,
999 3769 1085 3808 etc.
1138 3766 1386 3825 expriment
1426 3767 1471 3810 in
1515 3771 1745 3825 posterum
1785 3779 1978 3810 summas
2019 3763 2262 3810 divisorum
2296 3774 2587 3808 numerorum
2623 3760 2674 3815 b,
2707 3773 2752 3815 c,
2786 3758 2840 3815 d,
2876 3764 2966 3804 etc.

274 3850 451 3894 scilicet
484 3851 517 3894 si
556 3852 614 3894 sit
648 3866 675 3895 α
697 3872 754 3890 =
783 3855 860 3910 10,
895 3857 980 3900 erit
1012 3853 1133 3901 A:
1155 3859 1233 3914 18,
1279 3865 1325 3903 et
1356 3859 1390 3903 si
1427 3859 1534 3903 b=
1556 3860 1639 3913 50,
1683 3859 1767 3904 erit
1804 3859 1923 3903 B:
1944 3858 2022 3904 93.
2070 3857 2179 3904 Cum
2208 3859 2346 3918 igitur
2374 3856 2593 3917 cujusque
2618 3854 2792 3899 numeri
2820 3856 2969 3914 partes

274 3940 495 4002 aliquotae
539 3943 628 3987 sint
669 3942 867 4004 ejusdem
907 3945 1148 4006 divisores,
1199 3950 1297 4011 ipso
1335 3950 1412 3997 illo
1447 3965 1637 3998 numero
1671 3958 1880 4012 excepto,
1933 3953 2031 4013 qui,
2084 3951 2164 3996 etsi
2200 3951 2266 3996 sui
2303 3949 2438 4009 ipsius
2472 3953 2541 3992 est
2575 3945 2970 4007 divisor,.tamen

276 4033 474 4094 partibus
509 4032 718 4094 aliquotis
745 4049 837 4081 non
863 4048 1201 4098 annumeratur,
1237 4057 1406 4089 summa
1435 4044 1630 4105 partium
1657 4043 1953 4104 aliquotarum
1981 4043 2150 4089 numeri
2175 4057 2204 4088 a
2229 4042 2312 4087 erit
2337 4037 2578 4094 =A—a,
2619 4040 2702 4084 nisi
2731 4039 2788 4083 sit
2813 4051 2913 4084 a=
2931 4039 2967 4083 1⁴
